2568 3782
158 216 222 306 ΜΟ
321 231 412 278 r1r1
442 231 539 280 n1v1
569 230 624 277 nn
655 230 772 279 vaes
802 228 993 278 cornrrn

542 363 547 370 ι

210 387 356 470 quosdam
371 396 401 449 et
416 387 531 462 Gallos,
546 387 688 468 populari
703 407 823 448 omnem
840 388 982 465 deinceps
996 408 1114 468 agrum

210 469 358 548 usquead
374 468 451 528 Padi
466 469 547 549 ripas
558 469 657 547 jussit.
700 468 833 547 Egentes
854 487 910 546 ope
931 467 1027 540 Galli,
1043 491 1113 528 cum

210 549 250 610 ad
265 550 296 610 id
311 548 418 609 dubios
432 557 602 610 servassent
619 549 744 620 animoa,
759 549 857 608 coacti
878 547 917 607 ab
938 549 1115 610 auctoribus

210 629 340 710 injuriae
354 629 545 690 advindices
567 629 684 689 futuros
705 627 870 700 declinant,
885 628 1055 707 legatisque
1073 630 1114 689 ad

177 709 347 774 bconsules
373 709 480 783 missis,
508 709 661 768 auxilium
697 708 905 768 Romanorum
940 717 1040 768 terrae
1074 708 1114 770 ob

209 787 337 850 nimiam
353 791 504 852 cultorum
520 789 611 850 fidem
626 789 657 848 in
673 788 827 848 Romanos
845 787 998 848 laboranti
1013 799 1113 850 orant

210 869 351 932 Cornelio
365 890 421 930 nec
435 890 527 933 causa
541 890 596 930 nec
610 879 729 948 tempus
751 869 887 946 agendae
902 869 944 928 rei
959 869 1113 947 placebat,

209 960 406 1030 suspectaque
418 950 445 1010 ei
458 971 531 1029 gens
543 959 609 1011 erat
617 971 687 1010 cum
699 949 738 1009 ob
750 949 845 1008 infida
856 949 955 1008 multa
965 949 1112 1021 facinora,

209 1039 285 1104 tum,
315 1040 349 1091 ut
377 1030 432 1090 ilia
461 1039 611 1091 vetustate
639 1029 863 1105 obsolevissent,
892 1029 931 1090 ob
960 1040 1112 1092 recentem

158 1113 196 1175 10
211 1111 357 1172 Boiorum
378 1109 536 1190 perfidiam
546 1131 554 1183 ;
576 1111 769 1191 Sempronius
791 1117 906 1183 contra,
922 1111 1113 1170 continendis

209 1192 242 1264 in
265 1192 324 1264 fide
348 1191 437 1250 sociis
460 1191 629 1250 maximum
653 1189 813 1254 vinculum
836 1210 899 1250 csse
919 1191 1034 1269 primos
1059 1192 1112 1270 qui

209 1272 360 1350 eguissent
374 1291 429 1350 ope
444 1271 580 1331 defensos
595 1271 742 1332 censebat.
785 1269 920 1349 Conlega
936 1281 1110 1344 cunctante,

210 1353 380 1430 equitatum
400 1371 499 1424 suum,
513 1351 598 1411 mille
619 1353 757 1430 peditum
774 1351 997 1431 jaculatoribus
1018 1351 1113 1412 ferme

209 1432 363 1502 admixtis,
388 1431 428 1491 ad
453 1431 676 1492 defendendum
705 1431 862 1492 Gallicum
890 1452 998 1511 agrum
1027 1441 1112 1493 trans

158 1512 353 1574 laureatam
381 1511 484 1572 mittit.
534 1511 659 1592 Sparsos
687 1521 717 1572 et
745 1513 956 1591 inconpositos,
985 1512 1025 1572 ad
1054 1513 1112 1574 hoc

209 1593 312 1672 gravis
336 1592 450 1672 praeda
471 1593 629 1672 plerosque
652 1613 721 1653 cum
745 1593 902 1672 inopinato
922 1593 1112 1666 invasissent,

210 1675 365 1752 ingentem
385 1683 530 1733 terrorem
555 1675 737 1752 caedemque
762 1693 798 1733 ac
822 1674 926 1751 fugam
951 1686 1045 1752 usque
1069 1675 1109 1734 ad

209 1763 309 1814 castra
322 1753 525 1832 stationesque
539 1753 669 1814 hostium
685 1756 799 1830 i'ecere3
817 1753 900 1814 unde
913 1753 1112 1822 multitudine

210 1835 303 1894 effusa
323 1834 404 1914 pulsi
425 1853 528 1894 rursus
549 1834 683 1913 subsidio
708 1854 831 1895 suorum
855 1833 1007 1912 proelium
1029 1837 1112 1895 resti·

158 1913 197 1973 20
211 1921 304 1975 tuere.
358 1911 455 1974 Varia
489 1911 560 1973 inde
592 1933 695 1992 pugna
729 1921 883 1991 sequentes
926 1911 1112 1992 ccdauesque

212 2015 279 2054 cum
315 1993 354 2054 ad
389 2003 558 2054 extremum
599 2001 775 2071 aequassent
816 2001 975 2068 certarnen,
1014 1995 1112 2073 major

212 2083 313 2134 tamen
341 2074 471 2134 bostium
503 2073 609 2146 coedes,
637 2093 728 2150 penes
755 2069 907 2132 Romanos
940 2073 1025 2150 fama
1051 2073 1112 2133 vic·

212 2151 306 2214 toriae
326 2154 393 2214 fuit.

244 2232 336 2294 LIII.
379 2232 520 2294 Ceterum
536 2231 650 2293 nemini
667 2231 804 2292 omniurn
821 2231 919 2311 major
934 2230 1108 2310 justiorque

153 2317 192 2378 25
206 2335 299 2394 quarn
321 2313 380 2392 ipsi
403 2315 519 2374 consuli
541 2313 655 2385 videri;
677 2312 789 2392 gaudio
812 2311 919 2383 efferri,
939 2330 1000 2388 qua
1021 2321 1108 2388 parte

206 2395 362 2473 copiarum
391 2394 470 2454 alter
497 2393 602 2454 consul
625 2393 725 2455 victus
753 2391 840 2465 foret,
865 2411 901 2451 ea
928 2411 958 2451 se
983 2391 1106 2451 vicisse:

204 2475 364 2534 ‘restitutos
386 2495 423 2534 ac
450 2475 576 2535 refectos
603 2474 753 2534 militibus
781 2473 907 2544 animos,
928 2489 984 2530 nec
1005 2491 1108 2548 quem·

205 2555 297 2634 quam
327 2573 389 2617 esse
415 2563 534 2634 praeter
568 2554 735 2633 conlegam,
770 2553 823 2632 qui
857 2551 985 2612 dilatam
1021 2551 1108 2611 dirni·

207 2634 358 2696 cationum
381 2635 491 2708 vellet;
512 2636 718 2712 eum-animo
742 2633 840 2712 magis
865 2651 957 2710 quam
983 2651 1109 2710 corpore

153 2716 340 2794 30aegrum,
368 2715 514 2776 memoria
540 2715 675 2778 vulneris
703 2714 799 2775 aciem
828 2733 865 2772 ac
890 2712 952 2772 tela
976 2711 1108 2772 horrere.

205 2795 347 2857 sednon
369 2815 431 2857 esse
452 2817 521 2856 cum
541 2816 632 2874 aegro
652 2793 875 2868 senescendum.
918 2791 1003 2870 Quid
1027 2791 1109 2850 enim

207 2869 289 2936 ultra
313 2877 427 2938 differri
449 2885 503 2937 aut
526 2877 583 2936 teri
608 2875 749 2954 tempus?
775 2893 865 2953 quern
890 2875 1016 2932 tertium
1040 2871 1110 2931 con-

205 2956 311 3030 sulem,
337 2977 426 3036 quem
454 2957 550 3016 alium
577 2958 744 3016 exercitum
774 2953 952 3031 expectari?
1001 2950 1110 3012 Castra

206 3037 505 3117 Carthaginiensium
532 3037 566 3096 in
591 3035 687 3096 'Italia
711 3055 747 3094 ac
771 3053 866 3120 prope
889 3034 922 3092 in
947 3041 1109 3110 conspectu

154 3119 193 3180 35
207 3117 290 3177 urbis
325 3137 395 3178 esse.
450 3117 521 3177 Non
556 3115 693 3176 Siciliam
725 3127 764 3174 'ac
798 3112 982 3190 Sardiniam,
1018 3111 1109 3172 victis

206 3198 372 3276 ademptas,
387 3217 442 3258 neo
463 3197 505 3256 cis
526 3195 678 3269 Hiberum
694 3194 878 3272 Hispaniam
890 3191 965 3269 peti,
980 3200 1025 3250 set
1045 3191 1109 3252 solo

207 3278 307 3357 patrio
325 3286 466 3354 terraque
485 3275 517 3334 in
536 3296 598 3354 qua
618 3273 712 3352 geniti
732 3275 845 3349 forent,
855 3271 930 3351 pelli
945 3267 1109 3331 Romanos.

138 3354 141 3366 ’
209 3357 395 3434 “Quantum
409 3355 635 3432 ingemiscant''
650 3354 751 3432 inquit
766 3359 893 3430 “patres
909 3351 1012 3422 nostri,
1029 3351 1111 3419 circa

207 3437 327 3516 muenia
341 3433 535 3518 Carthagi-pis
550 3433 665 3518 bella-re
679 3431 772 3505 soliti,
786 3434 811 3492 si
823 3431 951 3520 videant
964 3428 1110 3518 noa,'prp=
