2520 3784
164 229 210 296 60
341 245 431 292 r1r1
457 241 553 293 n1v1
576 244 632 291 sn
655 243 770 292 unns
798 239 989 290 connr'rs

216 321 222 346 r

219 404 313 466 etiam
326 402 467 464 credente
481 401 609 463 militiae
624 421 716 481 quam
731 400 813 462 domi
828 401 978 480 juvenum
993 417 1124 478 corpora

219 505 291 558 esse,
309 484 403 545 donec
424 483 488 563 ipse
508 501 627 562 quoque
647 481 815 560 longinquo
839 480 945 541 morbo
966 488 1010 540 est
1030 479 1124 556 inpli-

220 573 314 638 catus.
355 563 442 624 Tunc
470 563 545 624 adeo
572 562 664 623 iiacti
690 561 781 622 simul
807 581 876 622 cum
901 581 1025 639 corpore
1049 566 1124 619 sunt

114 717 115 720 Ἴ
219 646 344 726 spiritus
366 643 414 704 illi
436 644 559 716 feroces,
585 651 629 717 ut,
652 640 705 720 qui
730 641 807 702 nihil
836 649 907 702 ante
932 649 1017 700 ratus
1045 646 1125 700 esset

187 727 321 788 dminus
342 724 458 804 regium
480 745 572 803 quam
593 723 685 783 sacris
706 722 816 782 dedere
836 722 983 794 animum,
998 729 1125 800 repente

221 806 360 867 omnibus
374 805 493 884 magnis
507 803 669 884 parvisque
689 801 953 888 superstitionibus
971 800 1124 861 obnoxius

221 887 353 966 degeret,
376 881 634 965 religionibusque
668 883 760 944 etiam
794 882 944 962 populum
981 881 1123 960 inpleret

219 966 325 1046 'Vulgo
349 967 415 1046 jam
439 965 585 1039 homines,
609 984 679 1024 eum
706 973 820 1024 statum
848 983 960 1036 rerum,
984 962 1036 1042 qui
1057 961 1124 1022 -sub

221 1046 326 1108 Numa
348 1067 419 1126 rege
442 1046 550 1119 fuerat,
575 1045 770 1124 requirentes,
797 1064 891 1103 unam
914 1064 1002 1122 opem
1023 1043 1124 1122 aegris

161 1127 399 1207 tricorporibus
418 1127 568 1200 relictam,
589 1125 615 1186 si
635 1147 698 1206 pax
720 1125 869 1205 veniaque
889 1124 929 1184 ab
950 1124 1009 1184 diis
1028 1123 1124 1203 impc-

220 1216 302 1269 trata
325 1216 409 1280 esset,
435 1205 608 1268 credebant.
650 1205 755 1286 Ipsum
783 1211 884 1284 regem
908 1205 1033 1266 tradunt
1058 1203 1125 1266 vol-

220 1297 343 1350 ventem
377 1288 598 1358 conmentarios
632 1285 763 1361 Numae,
791 1307 862 1346 curn
897 1285 940 1346 ibi
971 1285 1125 1364 quaedam

220 1369 342 1429 occulta
365 1367 525 1429 sollemnia
546 1368 696 1428 sacrificia
715 1367 789 1429 Jovi
811 1366 912 1427 Elicio
934 1365 1017 1426 facta
1038 1367 1125 1426 inve·

219 1449 321 1523 nisset,
336 1457 493 1529 operatum
508 1448 545 1508 iis
559 1448 653 1508 saeris
666 1468 697 1508 se
711 1447 882 1519 abdidisse;
903 1447 955 1508 sed
977 1467 1037 1506 non
1061 1446 1123 1506 rite

168 1529 207 1590 16
220 1529 331 1590 initum
343 1537 397 1590 aut
412 1538 552 1589 curatum
566 1528 599 1587 id
612 1548 733 1588 sacrum
743 1547 814 1601 esse,
825 1547 881 1588 nec
894 1527 991 1588 solum
1002 1526 1125 1586 nullam

220 1610 248 1670 ei
263 1609 399 1670 oblatam
410 1608 584 1670 caelestium
598 1609 739 1687 speciem,
748 1608 799 1668 sed
811 1609 857 1667 ira
865 1607 888 1670 J
889 1608 953 1668 ovis
963 1607 1125 1667 sollicitati

242 1691 318 1751 rava
328 1690 474 1768 religione
485 1688 614 1748 fulmine
624 1689 720 1748 ictum
731 1709 800 1748 curn
812 1688 902 1748 domo
913 1688 1124 1766 conflagrasse.

220 1711 329 1830 liunus
351 1790 463 1851 magna
485 1769 584 1850 gloria
609 1768 683 1830 belli
708 1769 849 1849 regnavit
872 1788 968 1837 annos
992 1768 1068 1828 duos
1092 1777 1126 1830 et

219 1847 260 1910 tri
282 1845 355 1915 inta'.

166 1931 207 1996 20
230 1923 245 1932 ¹*
260 1871 411 1992 NXXII.
451 1929 575 1990 Mortuo
583 1929 746 2003 Tullqres,
755 1939 790 1990 ut
798 1929 972 1991 institutum
977 1928 1042 2009 jam
1052 1929 1127 1990 inde

220 2009 260 2071 ab
271 2009 358 2071 initio
369 2018 443 2084 erat,
454 2010 493 2070 ad
505 2020 606 2089 patres
618 2010 759 2085 redierat,
771 2011 865 2088 hique
877 2011 1057 2088 interregem
1071 2031 1126 2070 no-

220 2090 422 2152 minaverant.
463 2091 536 2167 Quo
549 2091 672 2151 comitia
685 2091 817 2151 habente
831 2090 954 2150 Ancum
969 2090 1125 2157 Marcium

219 2191 252 2232 re
274 2191 322 2230 em
334 2171 467 2251 populus
480 2170 595 2230 creavit
606 2192 613 2243 ;
634 2180 735 2250 patres
748 2170 833 2230 fuere
847 2179 993 2232 auctores.

252 2192 380 2328 gNumae
407 2250 540 2328 Pompili
568 2251 647 2330 regis
674 2271 778 2330 nepos,
804 2250 869 2319 filia
897 2260 989 2325 ortus,
1014 2251 1124 2312 Ancus

165 2333 206 2396 25
220 2329 355 2408 Marcius
370 2340 443 2392 erat.
487 2330 550 2408 Qui
572 2340 606 2391 ut
627 2352 754 2410 regnare
775 2331 883 2410 coepit,
898 2338 929 2391 et
942 2332 1045 2394 avitae
1057 2333 1124 2410 glo-

198 2487 200 2490 ,
219 2412 286 2488 riae,
304 2432 418 2472 memor
439 2420 469 2472 et
489 2413 562 2490 quia
583 2413 758 2490 proximum
776 2432 913 2490 regnum,
927 2421 1027 2472 cetera
1041 2433 1124 2492 egre-

219 2492 314 2572 gium,
328 2491 367 2552 ab
382 2513 445 2552 una
459 2500 546 2572 parte
560 2492 637 2552 haut
655 2492 728 2552 satis
749 2512 927 2571 prosperum
943 2493 1052 2566 fuerat,
1067 2501 1124 2552 aut

219 2573 365 2652 neglectis
389 2571 587 2652 religionibus
610 2581 664 2632 aut
709 2592 782 2633 rave
805 2571 904 2646 cultis,
929 2572 1019 2652 longe
1044 2574 1124 2633 anti·

219 2650 397 2732 quissimum
418 2661 501 2713 ratus
524 2673 612 2712 sacra
631 2593 758 2733 publica
771 2661 807 2714 ut
821 2673 841 2712 a
854 2653 959 2713 Numa
979 2653 1124 2714 instituta

166 2737 207 2800 30
220 2741 308 2793 erant
319 2733 429 2806 facere,
444 2733 547 2793 omnia
566 2753 603 2798 ea
623 2754 662 2793 ex
683 2733 906 2793 commentariis
925 2734 1005 2812 regis
1023 2734 1123 2812 ponti·

219 2812 305 2874 ficem
320 2813 352 2872 in
366 2812 473 2873 album
487 2812 568 2874 elata
582 2834 751 2893 proponere
763 2813 795 2873 in
811 2813 934 2892 publico
944 2813 1044 2893 jubet.

259 2892 337 2953 Inde
350 2902 381 2954 et
395 2893 513 2955 civibus
528 2893 582 2955 otii
598 2893 716 2973 cupidis
736 2903 766 2954 et
784 2893 922 2964 finitimis
943 2893 1123 2956 civitatibus

218 2973 302 3034 facta
321 2994 399 3052 spes,
416 2973 450 3032 in
470 2973 521 3034 avi
542 2995 639 3034 mores
659 2983 751 3054 atque
772 2974 914 3035 instituta
935 2995 1036 3052 regern
1058 2975 1124 3036 abi-

218 3063 330 3114 turum.
373 3052 475 3132 Igitur
497 3053 612 3128 Latini,
635 3075 704 3115 cum
728 3053 838 3133 quibus
862 3053 954 3114 Tullo
974 3064 1124 3134 regnante

163 3135 202 3196 35
218 3134 314 3194 ictum
328 3133 433 3193 foedus
448 3142 521 3206 erat,
536 3135 722 3195 sustulerant
736 3134 862 3207 unimus,
876 3143 916 3206 et,
931 3154 1000 3194 eum
1010 3135 1124 3211 incur·

216 3215 333 3274 sionem
355 3214 387 3273 in
412 3233 519 3292 agrum
545 3213 719 3275 Romanum
744 3214 893 3288 fecissent,
914 3215 1123 3293 repetentibus

216 3314 263 3372 res
288 3292 436 3374 Romanis
460 3292 588 3372 superbe
615 3314 791 3372 responsum
818 3293 960 3368 reddunt,
986 3295 1123 3374 desidem

217 3373 392 3436 Romanum
407 3393 509 3452 regem
529 3373 608 3435 inter
626 3373 741 3439 sacella
761 3382 791 3436 et
812 3393 880 3453 ares
902 3381 1044 3450 acturum
1057 3395 1123 3452 esse

216 3473 344 3533 regnum
358 3453 426 3514 rati.
1114 3496 1117 3504 ,
