2568 3782
164 259 228 322 172
330 271 543 320 r1r1n1v1
573 270 628 316 AB
654 269 769 318 vass
799 267 992 315 eornm

213 430 332 511 perium
360 451 430 490 esse.
472 428 582 508 Itaque
608 448 639 488 se
666 447 834 506 numquam
853 425 1006 487 volentem
1028 433 1122 506 parto

187 545 190 552 ι
213 531 274 590 qua
288 519 387 590 posset
401 530 502 570 rerum
517 509 643 569 consilio
657 509 858 586 gerendarum
873 527 1045 579 cessurum3
1061 527 1120 566 nee

169 653 170 656 ,
211 612 243 652 se
259 603 397 670 tempora
417 604 471 650 aut
493 591 556 648 dies
577 590 697 666 imperii
713 608 782 647 cum
797 609 842 660 eo,
856 589 1024 646 exercitum
1040 587 1120 647 divi-

211 692 326 745 surum,
340 672 461 750 suisque
475 669 617 740 consiliis,
633 669 777 748 quoniam
795 669 898 727 onmia
919 688 979 726 non
1001 667 1120 741 liceret,

178 753 289 830 bquae
313 764 412 830 posset
436 751 646 810 servaturum!
688 748 740 808 Ita
762 748 896 826 optinuit
917 758 952 806 ut
972 747 1118 825 legiones,

210 834 288 891 sicut
302 829 476 890 consulibus
491 850 554 888 mos
568 837 652 902 esset,
668 829 748 888 inter
761 849 792 887 se
806 828 996 887 dividerent:
1015 829 1120 904 prima

209 921 240 970 et
251 919 360 990 quarta
371 910 518 981 Minucio,
527 911 661 970 secunda
671 922 702 969 et
712 909 802 968 tertia
817 907 915 966 Fabio
929 917 1118 982 evenerunt;

208 990 282 1051 item
307 993 422 1069 equites
446 992 513 1069 pari
538 1010 674 1060 numero,
691 990 865 1066 sociumque
886 997 916 1047 et
937 987 1043 1046 Latini
1065 1007 1119 1047 no·

209 1072 298 1130 minis
318 1071 446 1142 auxilia,
462 1070 649 1130 diviserunt:
671 1070 778 1130 castris
799 1088 919 1148 quoque
932 1087 964 1126 se
977 1067 1118 1148 separari

157 1154 194 1213 10
209 1153 351 1230 magister
364 1153 500 1228 equitum
515 1150 622 1211 voluit.

216 1269 221 1278 ·
248 1231 411 1292 XXVIII.
454 1231 580 1308 Duplex
603 1230 674 1289 inde
695 1228 869 1289 Hannibali
886 1228 1035 1306 gaudium
1054 1229 1118 1290 fuit

209 1313 413 1391 (nequeenim
429 1312 593 1389 quicquam
615 1331 729 1383 eorum,
743 1331 821 1388 quae
835 1322 910 1388 aput
925 1309 1024 1368 hostes
1046 1329 1116 1388 age·

206 1405 320 1465 rentur,
335 1412 405 1452 eum
425 1391 563 1464 ludebat,
578 1402 609 1450 et
629 1390 763 1470 perfugis
784 1391 883 1449 multa
904 1389 1115 1450 indicantibus

206 1485 236 1534 et
261 1494 314 1554 per
337 1493 405 1532 suos
430 1472 674 1551 explorantem:
696 1492 768 1530 narn
790 1481 820 1530 et
841 1470 969 1529 liberam
991 1469 1115 1531 Minuci

154 1557 191 1617 15
207 1553 406 1614 temeritatem
431 1573 463 1612 se
486 1573 540 1612 suo
565 1551 654 1612 modo
680 1561 884 1631 captaturum,
906 1560 936 1610 et
956 1550 1114 1612 sollertiae

206 1633 296 1694 Fabii
324 1633 486 1693 dimidium
514 1633 627 1694 virium
657 1632 825 1692 decessisse.
867 1629 1016 1690 Tumulus
1045 1640 1114 1692 erat

204 1713 284 1774 inter
308 1725 407 1774 castra
428 1713 546 1772 Minuci
576 1721 607 1772 et
634 1712 815 1782 Poenorum,
837 1731 927 1790 quem
949 1711 1002 1789 qui
1022 1732 1112 1772 occu·

204 1805 313 1874 posset,
329 1794 518 1854 hauddubie
536 1794 717 1872 iniquiorem
739 1802 805 1852 erat
825 1791 905 1851 hosti
926 1791 1025 1851 locum
1049 1792 1112 1853 fac·

204 1887 298 1935 turus.
343 1875 423 1933 Eum
437 1885 576 1934 nontam
593 1894 699 1951 capere
720 1874 785 1932 sine
806 1872 970 1932 certamine
985 1871 1113 1936 volebat

151 1957 190 2020 20
205 1953 374 2026 Hannibal,
390 1975 575 2033 quamquam
596 1955 627 2012 id
650 1973 759 2033 operae
778 1954 909 2032 pretium
925 1962 999 2024 erat,
1015 1973 1111 2032 quam

204 2055 325 2094 causam
343 2036 516 2094 certaniinis
531 2055 600 2094 cum
617 2035 764 2106 Minucio,
780 2054 870 2112 quem
891 2053 1111 2112 procursurum

203 2114 243 2176 ad
255 2114 458 2174 obsistendum
470 2115 541 2176 satis
551 2113 675 2187 sciebat,
685 2117 873 2174 contrahere.
914 2113 999 2192 Ager
1010 2117 1111 2176 omnis

120 2211 123 2218 ’
204 2195 320 2254 medius
335 2208 400 2254 erat
414 2196 513 2273 prima
526 2197 626 2274 specie
638 2195 756 2254 inutilis
771 2195 949 2268 insidiatori,
962 2195 1111 2273 quianon

204 2276 293 2335 modo
317 2276 453 2335 silvestre
475 2277 647 2354 quicquam,
672 2275 724 2335 sed
750 2296 788 2334 ne
814 2274 958 2354 vepribus
982 2275 1111 2354 quidem

150 2359 189 2419 25
204 2357 346 2416 vestitum
365 2355 506 2429 habebat,
521 2377 553 2416 re
574 2357 640 2435 ipsa
661 2366 750 2416 natus
772 2356 909 2435 tegendis
930 2356 1058 2430 insidiis,
1073 2378 1110 2418 eo

204 2437 300 2514 magis
324 2437 404 2515 quod
430 2436 462 2496 in
487 2437 570 2496 nuda
592 2436 673 2498 valle
702 2436 789 2496 nulla
809 2437 881 2496 talis
901 2437 984 2496 fraus
1007 2438 1111 2502 timeri

201 2527 339 2596 poterat3
373 2527 403 2577 et
430 2525 517 2577 erant
545 2517 576 2576 in
606 2516 795 2578 anfractibus
811 2515 917 2578 ‘cavae
944 2538 1044 2596 rupes,
1073 2528 1111 2580 ut

202 2597 351 2675 quaedam
367 2617 470 2657 earum
485 2597 617 2658 ducenos
632 2607 764 2657 armatos
779 2599 899 2676 possent
910 2618 1025 2676 capere.
1069 2599 1110 2660 In

202 2678 256 2737 has
271 2677 412 2750 latebras,
427 2689 501 2756 quot
515 2697 665 2756 quemque
679 2677 781 2738 locum
796 2691 867 2757 apte
881 2679 1011 2738 insidere
1026 2689 1110 2758 pote-

149 2761 189 2821 30
203 2768 281 2830 rant,
297 2759 430 2837 quinque
446 2758 529 2840 miliar
546 2759 720 2818 conduntur
739 2759 878 2837 peditum
899 2759 1107 2839 equitumque.

202 2838 321 2898 Necubi
337 2845 439 2898 tamen
453 2848 508 2897 aut
523 2850 621 2912 motus
642 2839 772 2917 alicujus
794 2848 906 2898 temere
924 2841 1034 2917 egressi
1052 2850 1110 2902 aut

202 2919 304 2997 fulgor
332 2938 485 2977 armorum
514 2919 652 2978 fraudem
678 2919 708 2977 in
731 2919 814 2978 valle
838 2928 901 2978 tam
929 2923 1036 2998 aperta
1058 2921 1109 2981 de·

201 3008 324 3077 tegeret,
338 2999 432 3058 missis
447 2999 552 3076 paucis
567 2999 666 3076 prima
680 2998 749 3059 luce
762 2999 802 3058 ad
817 2999 1000 3078 capiendum
1015 3001 1108 3078 quem

201 3093 272 3137 ante
306 3080 440 3138 diximus
478 3081 641 3151 tumulum,
677 3080 790 3138 avertit
825 3079 927 3138 oculos
962 3079 1107 3141 hostium.

148 3159 186 3219 35
202 3158 305 3216 Primo
326 3159 430 3216 statim
453 3171 614 3235 conspectu
636 3168 811 3237 contempta
833 3160 980 3237 paucitas,
995 3179 1032 3220 ac
1047 3162 1108 3221 sibi

201 3237 326 3314 quisque
355 3236 513 3314 deposcere
541 3237 696 3320 pellendos
725 3239 796 3299 inde
823 3239 917 3298 hostis
942 3259 978 3300 ac
1002 3240 1108 3300 locum

200 3317 399 3392 capiendum3
421 3316 486 3373 dux
501 3317 563 3394 ipse
578 3317 657 3376 inter
671 3318 878 3380 stolidissimos
894 3319 1107 3380 ferocissimos-

200 3413 259 3471 que
280 3394 320 3453 ad
340 3413 425 3454 arma
440 3409 538 3467 vocat,
554 3408 583 3454 et
599 3399 685 3457 vanis
707 3399 796 3457 minis
817 3399 955 3478 increpat
977 3399 1106 3460 hostem.

201 3470 356 3551 Principio
378 3473 476 3533 levem
498 3486 685 3535 armaturam
709 3477 878 3555 [dimittit],
900 3478 1010 3538 deinde
1036 3499 1107 3540 con·
