2562 3788
393 246 525 292 ursus
551 229 821 311 xx11,45-47.
927 299 931 308 ,
1048 233 1111 300 189

147 402 266 464 aciem:
288 403 320 463 in
335 402 443 463 dextro
459 423 552 463 cornu
569 401 614 476 (id
630 412 695 464 erat
708 403 829 465 flumini
844 405 981 484 propius)
998 407 1057 468 Ro·

147 503 257 542 manos
278 485 394 563 equites
415 484 526 557 locant,
542 483 652 544 deinde
666 485 799 563 peditcs;
821 485 944 545 laevum
960 507 1055 548 cornu

148 563 281 623 extremi
303 563 417 642 equites
437 565 597 637 sociorum,
612 565 694 626 intra
714 565 840 644 pedites,
859 565 900 625 ad
921 567 1055 628 medium

150 643 254 722 juncti
284 643 455 722 legionibus
483 644 640 718 Romanis,
662 654 846 718 tennerunt3
870 646 1055 725 jaculatores

149 743 221 782 cum
248 724 356 784 ceteris
380 723 494 784 levium
520 745 674 784 armorum
700 726 827 786 auxiliis
851 727 952 805 prima
976 730 1056 789 acies
1092 730 1111 788 5

150 803 243 865 facta.
286 803 431 864 Consules
446 825 560 864 cornua
570 813 743 880 tenuerunt,
755 807 914 867 Terentius
925 807 1056 882 laevum,

150 882 305 943 Aemilius
334 885 486 958 dextrum,
509 883 639 946 Gemino
667 885 797 948 Servilio
825 887 927 948 media
953 909 1058 968 pugna

150 965 267 1024 tuenda
289 965 371 1025 data.

192 1045 315 1106 XLVI.
357 1044 519 1106 Hannibal
535 1044 604 1106 lnce
618 1046 728 1126 prima,
743 1046 921 1108 Baliaribus
935 1047 1057 1128 levique

151 1124 215 1185 alia
244 1136 401 1186 armatura
429 1126 603 1206 praemissa,
631 1137 834 1206 transgressus
870 1128 994 1202 flumen,
1023 1139 1058 1190 ut
1072 1131 1112 1192 10

152 1225 287 1284 quosque
298 1207 488 1280 traduxerat,
497 1207 541 1268 ita
556 1209 586 1266 in
603 1209 669 1268 acie
683 1209 814 1279 locabat,
825 1208 933 1270 Gallos
944 1210 1058 1289 Hispa·

152 1307 267 1365 nosque
287 1289 402 1366 equites
423 1309 516 1367 prope
536 1288 637 1366 ripam
650 1289 740 1350 laevo
754 1291 786 1348 in
801 1309 895 1349 cornu
912 1290 1057 1352 adversus

153 1367 328 1428 Romanum
344 1369 531 1446 equitatum;
551 1369 696 1428 dextrum
711 1390 805 1429 cornu
819 1369 964 1429 Numidis
978 1371 1058 1449 equi-

152 1449 236 1510 tibus
261 1447 378 1521 datum,
399 1449 501 1508 media
528 1450 594 1510 acie
623 1450 777 1528 peditibus
805 1449 936 1523 firmata,
959 1452 1058 1514 itaut

152 1527 303 1588 Afrorum
323 1538 452 1607 utraque
473 1549 589 1589 cornua
609 1540 715 1600 essent,
731 1531 997 1609 interponerentur
1011 1532 1058 1592 his
1074 1535 1112 1594 15

152 1609 246 1668 medii
258 1607 345 1668 Galli
359 1618 450 1687 atque
465 1608 609 1688 Hispani.
624 1665 626 1672 ,
651 1610 745 1670 Afros
759 1610 931 1670 Romanam
948 1633 1060 1690 magna

153 1709 191 1749 ex
213 1699 301 1768 parte
322 1690 457 1750 crederes
478 1690 593 1762 aciem;
615 1689 660 1750 ita
681 1691 793 1750 armati
809 1702 906 1765 erant,
921 1692 1013 1751 armis
1028 1701 1058 1752 et

153 1770 193 1829 ad
204 1769 347 1830 Trebiam
359 1781 491 1830 ceterum
506 1791 620 1849 magna
633 1791 673 1830 ex
687 1781 774 1850 parte
788 1772 827 1831 ad
839 1771 1059 1832 Trasumenum

16 1831 17 1848 Χ
73 1860 75 1865 “
155 1851 262 1929 captis.
304 1849 405 1912 Gallis
433 1851 641 1930 Hispanisque
668 1862 757 1911 scuta
784 1852 1059 1930 ejusdemformae

154 1929 216 1990 fere
230 1939 327 2003 erant,
344 1931 478 2010 dispares
499 1952 535 1991 ac
557 1930 717 1992 dissimiles
738 1931 845 2011 gladii,
860 1931 960 1992 Gallis
975 1953 1059 2011 prae·
1074 1936 1113 1998 20

153 2009 238 2090 longi
260 2031 296 2070 ac
317 2012 381 2071 sine
402 2010 607 2085 mucronibus,
630 2011 781 2096 Hispano,
802 2013 941 2092 punctim
962 2015 1059 2092 magis

153 2112 247 2170 quam
273 2093 385 2151 caesim
410 2091 536 2151 adsueto
560 2101 663 2171 petere
687 2095 813 2165 hostem,
837 2093 986 2154 brevitate
1006 2094 1059 2154 ha·

153 2171 230 2232 biles
251 2181 282 2232 et
303 2192 374 2231 cum
393 2170 599 2232 mucronibus.
641 2173 726 2234 Ante
748 2173 824 2233 alios
846 2173 969 2234 habitus
989 2195 1060 2254 gen·

153 2253 231 2312 tium
246 2251 357 2312 harum
372 2272 441 2314 cum
457 2253 670 2332 magnitudine
690 2275 850 2332 corporum
873 2263 937 2313 turn
959 2256 1059 2333 specie

153 2332 300 2394 terribilis
320 2341 405 2394 erat:
428 2331 514 2393 Galli
539 2353 630 2413 super
654 2333 833 2407 umbilicum
855 2343 943 2394 erant
963 2335 1057 2408 nudi;
1074 2337 1113 2398 25

153 2413 289 2492 Hispani
311 2413 413 2474 linteis
433 2415 602 2493 praetextis
622 2435 760 2494 purpura
785 2414 905 2488 tunicis,
927 2415 1060 2476 candore

152 2494 232 2553 miro
260 2493 460 2573 fulgentibus
489 2495 696 2556 constiterant.
739 2493 894 2555 Numerus
921 2497 1058 2556 omnium

153 2574 303 2653 peditum,
318 2577 371 2653 qui
390 2585 453 2636 tum
475 2585 624 2636 steterunt
639 2577 671 2634 in
685 2575 760 2648 acie,
776 2574 894 2634 milium
914 2575 974 2637 fuit
988 2597 1060 2656 qua·

153 2655 307 2733 draginta,
317 2655 422 2715 decern
433 2657 579 2734 equitum.
615 2656 718 2716 Duces
730 2655 872 2716 cornibus
884 2667 1059 2734 praeerant:

152 2735 276 2794 sinistro
291 2735 482 2808 Hasdrubal,
494 2737 603 2796 dextro
618 2736 800 2807 Maharbal;
816 2737 947 2796 mediam
963 2738 1058 2797 aciem
1074 2739 1114 2801 30

154 2815 316 2874 Hannibal
338 2816 410 2894 ipse
423 2837 492 2890 cum
514 2817 608 2876 fratre
627 2817 761 2894 Magone
779 2817 887 2877 tenuit.
930 2816 992 2889 Sol,
1006 2837 1059 2877 seu

153 2896 192 2956 de
216 2895 371 2956 industria
395 2897 440 2956 ita
464 2897 581 2970 locatis,
603 2917 654 2956 seu
676 2897 756 2976 quod
779 2896 857 2956 forte
879 2897 922 2956 ita
943 2907 1059 2971 stetere,

153 2985 380 3057 peropportune
403 2979 526 3056 utrique
548 2977 629 3056 parti
654 2977 796 3055 obliquus
817 2985 890 3048 erat,
913 2977 1061 3038 Romanis

153 3059 186 3117 in
202 3056 370 3130 meridiem,
386 3057 495 3117 Poenis
510 3059 543 3117 in
557 3059 803 3136 septemtrionem
819 3057 929 3129 versis;
952 3067 1061 3118 ventus

157 3137 363 3216 (Volturnum
389 3139 520 3217 regionis
545 3138 664 3197 incolae
685 3138 811 3208 vocant)
834 3138 978 3197 adversus
1001 3137 1060 3198 Ro·
1076 3141 1114 3201 35

154 3220 254 3278 manis
275 3230 396 3279 coortus
418 3219 515 3278 multo
536 3219 664 3298 pulvere
690 3219 721 3276 in
746 3218 812 3297 ipsa
834 3237 887 3277 ora
908 3219 1060 3282 volvendo

155 3311 350 3378 prospectum
371 3299 494 3358 ademit.

195 3378 337 3440 XLVII.
380 3379 520 3438 Clamore
535 3377 665 3450 sublato,
681 3397 857 3456 procursum
873 3376 911 3437 ab
926 3377 1061 3448 auxiliis,

157 3467 187 3519 et
210 3479 315 3538 pugna
339 3458 458 3520 levibus
482 3459 615 3536 primum
637 3457 731 3516 armis
751 3456 927 3525 commissa;
952 3455 1062 3516 deiude
