2520 3784
210 271 213 278 ·
274 243 279 260 ¹
327 243 336 248 “
448 235 725 319 'n113na1',32.
1054 220 1094 302 5⁸1

181 411 329 494 Medium¹
346 419 412 472 erat
439 411 471 471 in
496 407 585 472 Anco
613 411 777 490 ingenium,
806 419 836 472 et
863 411 985 472 Numae
1012 419 1042 472 et

141 492 269 554 Romuli
297 513 428 564 memor;
464 500 494 552 et
521 501 733 571 praeterquam
761 491 842 570 quod
870 492 922 552 avi
949 512 1042 570 regno

139 573 238 651 magis
266 573 464 632 necessariam
492 572 583 631 fuisse
612 593 718 649 pacem
746 571 888 633 credebat
916 591 985 633 cum
1009 571 1043 633 in

140 673 221 714 novo
242 661 309 713 tum
331 652 423 712 feroci
445 651 567 731 populo,
582 652 683 724 etiarn,
698 652 780 731 quod
802 651 849 712 illi
868 653 1043 732 contigisset

138 735 239 794 otium
267 735 332 792 sine
358 733 479 812 injuria,
500 732 532 791 id
559 752 591 792 se
618 732 701 791 haud
729 731 819 792 facile
847 732 1041 822 habiturum3
1077 734 1097 794 5

139 814 286 894 temptari
301 812 480 892 patientiam
502 821 532 872 et
552 821 732 891 temptatam
754 813 915 887 contemni,
929 823 991 875 tem

140 907 237 973 raquo
264 914 326 954 esse
353 893 444 953 Tullo
472 892 537 972 regi
564 893 683 972 aptiora
707 913 799 972 quam
827 893 955 955 Numae.
993 834 1043 956 iit

140 984 254 1047 tamen,
266 971 409 1052 quoniam
426 973 530 1033 Numa
538 973 576 1032 'in
591 990 666 1052 pace
680 974 841 1052 religiones
856 973 1042 1049 instituisset,

139 1075 160 1116 a
174 1075 205 1114 se
219 1054 350 1114 bellicae
363 1054 563 1114 caerimoniae
577 1054 786 1133 proderentur,
798 1073 853 1114 nec
868 1063 1043 1133 gererentur

139 1135 250 1208 solum,
272 1134 324 1195 sed
346 1135 437 1194 etiam
459 1134 665 1194 indicerentur
685 1133 767 1194 bella
787 1133 890 1213 aliquo
911 1135 982 1204 ritu,
992 1136 1043 1214 jus
1058 1135 1096 1197 10

140 1216 182 1276 ab
210 1216 338 1294 antiqua
365 1223 455 1294 gente
482 1214 671 1294 Aequiculis,
700 1215 782 1294 qu'od
815 1235 898 1275 nunc
925 1215 1042 1276 fetiales

140 1296 266 1369 babent,
289 1296 454 1374 descripsit,
475 1316 535 1374 quo
555 1316 602 1356 res
621 1304 808 1374 repetuntur.

182 1377 318 1456 Legatus
339 1377 393 1436 ubi
414 1376 541 1436 adfines
563 1397 667 1436 eorum
681 1378 774 1450 venit,
792 1375 873 1438 unde
893 1397 940 1438 res
960 1397 1043 1458 repe·

140 1465 261 1531 tuntur,
276 1457 375 1536 capite
389 1456 491 1518 velato
506 1457 558 1516 iilo
573 1457 678 1533 (lanae
692 1456 832 1518 velamen
852 1457 911 1531 est)
933 1462 950 1489 “
959 1457 1043 1532 audi,
1061 1524 1068 1532 ,

140 1537 319 1618 duppiter,’'
330 1537 438 1616 inquit,
449 1541 466 1568 “
477 1537 582 1597 audite
593 1537 667 1597 fines
676 1537 694 1563 ”
705 1537 935 1617 (cujuscumque
945 1539 1045 1618 gentis
1059 1537 1098 1599 15

140 1628 222 1692 sunt,
231 1619 396 1692 nominat),
406 1621 423 1648 “
433 1617 540 1678 audiat
548 1617 609 1678 fas!
626 1638 681 1696 ego
689 1638 756 1678 sum
766 1616 907 1697 publicus
918 1620 1044 1680 nuntius

140 1699 250 1779 populi
273 1698 422 1770 Romani;
440 1698 522 1804 juste
542 1698 650 1777 pieque
671 1691 788 1778 legatus
812 1699 910 1772 venio,
931 1699 1045 1762 verbis·

141 1795 201 1860 que
216 1779 292 1840 meis
306 1779 379 1838 fides
390 1779 458 1838 sit'
500 1777 625 1858 Peragit
639 1779 749 1839 deinde
763 1779 924 1858 postulata.
966 1779 1045 1841 Iride

141 1860 255 1922 Jovem
276 1869 382 1920 testem
403 1859 494 1920 facit:
521 1859 573 1919 “si
594 1879 649 1938 ego
670 1859 781 1938 injuste
801 1859 952 1939 impieque
976 1861 1044 1922 illos
1068 1931 1072 1936 ¹

142 1941 280 2002 homines
291 1939 420 2018 illasque
431 1960 478 1999 res
488 1938 593 1999 dedier
606 1939 683 1998 mihi
697 1960 835 2018 exposco,
845 1950 910 2000 tum
926 1942 1043 2020 patriae
1059 1939 1098 2003 20

142 2029 312 2100 compotem
328 2031 554 2098 menumquam
569 2019 637 2079 siris
651 2019 741 2080 esse.''
784 2019 880 2093 Haec,
891 2041 959 2080 eum
970 2022 1044 2082 fines

140 2100 364 2180 suprascandit‚
385 2099 469 2174 haec,
491 2099 675 2179 quicumque
695 2100 722 2160 ei
744 2099 859 2179 primus
873 2101 921 2160 vir
936 2101 1044 2163 obvius

141 2181 245 2254 fuerit,
259 2181 335 2240 haec
350 2187 469 2263 portam
483 2180 663 2259 ingrediens,
679 2180 754 2241 haec
767 2181 868 2241 forum
882 2181 1043 2260 ingressus,

140 2262 249 2341 paucis
270 2260 370 2322 verbis
392 2260 535 2321 carminis
556 2261 807 2340 concipiendique
822 2261 901 2341 juris
917 2263 1043 2341 jurandi

141 2341 277 2414 mutatis,
303 2337 430 2420 peragit.
470 2340 504 2402 si
528 2360 589 2400 non
618 2341 772 2401 deduntur
797 2362 870 2421 quos
898 2343 1042 2422 exposcit,
1059 2341 1099 2404 25

141 2422 250 2482 diebus
271 2421 369 2481 tribus
395 2430 424 2482 et
446 2422 575 2500 triginta
596 2422 655 2498 (tot
675 2422 756 2481 enim
776 2422 936 2484 sollemnes
956 2423 1042 2500 sunt)

180 2503 273 2562 raetis
286 2500 410 2561 'bellum
430 2501 475 2562 ita
495 2501 619 2561 indicit:
644 2502 752 2574 “audi
774 2502 927 2582 Juppiter,
949 2511 980 2563 et
1000 2512 1044 2578 tu,

141 2521 223 2644 diane
238 2581 385 2658 Quirine;
407 2582 510 2660 diique
525 2601 627 2641 ornnes
641 2582 791 2655 caelestes,
806 2601 919 2662 vosque
939 2592 1044 2644 terres-

140 2671 201 2723 tres
215 2682 330 2741 vosque
351 2662 473 2735 inferni,
488 2662 608 2723 auditcl
630 2675 685 2741 ego
700 2683 752 2723 vos
773 2659 873 2738 testor,
896 2664 1044 2744 populum

140 2742 267 2803 illum'’'
289 2735 487 2823 (quicu'mqu'e
514 2751 567 2814 est,
596 2743 748 2816 nominat)
779 2744 954 2823 “injustum
981 2765 1043 2806 esse
1058 2742 1098 2806 30

140 2843 239 2904 neque
262 2823 313 2904 jus
340 2824 530 2902 persolvere;
552 2823 604 2883 sed
629 2823 667 2882 de
692 2823 756 2884 istis
781 2824 870 2884 rebus
891 2825 922 2884 in
942 2825 1044 2905 patria

140 2907 270 2983 majores
296 2913 372 2964 natu
400 2899 599 2976 consulemus,
628 2924 687 2982 quo
715 2912 804 2984 pacto
828 2906 879 2985 jus
907 2914 1045 2966 nostrum

140 2982 376 3064 adipiscamur.''
410 2981 498 3045 'Cum
519 2980 567 3044 his
588 2985 714 3044 nuntius
737 2985 868 3046 Romam
885 2985 926 3045 ad
941 3006 1045 3046 consu-

140 3065 268 3124 lendum
280 3065 369 3126 redit.
412 3063 579 3126 Confestim
593 3067 649 3125 rex
662 3064 710 3124 his
723 3065 818 3125 ferme
829 3064 929 3127 verbis
943 3075 1044 3145 patres
1065 3133 1068 3138 ,

140 3144 336 3207 consulebat:
360 3145 517 3226 “quarum
539 3165 649 3217 rerum,
664 3144 777 3218 litium,
793 3165 953 3206 caussarum
964 3162 1044 3206 con·
1059 3145 1099 3206 35

140 3226 224 3286 dixit
237 3235 325 3305 pater
337 3234 487 3306 patratus·
499 3226 604 3305 populi
625 3223 758 3286 Romani
773 3225 942 3302 eriritium
963 3226 1047 3303 patri

182 3315 266 3366 trata
277 3305 453 3367 Priscorum
475 3307 657 3366 Latinorum
678 3305 912 3383 hominibusque
932 3304 1045 3374 Priscis

160 3387 282 3460 ‘tinia‘
297 3382 372 3466 quas
395 3403 444 3447 res
468 3405 523 3447 nec
549 3385 700 3445 dederunt
723 3404 780 3443 nec
807 3383 965 3458 solverunt
989 3400 1045 3440 nec

141 3467 289 3541 iecerunt,
316 3487 392 3547 quas
419 3487 466 3528 res
494 3466 571 3540 dari,
592 3464 680 3539 solvi,
705 3463 771 3524 fieri
799 3461 942 3540 oportuit,
965 3459 1045 3532 dic,’'
