2520 3784
452 270 587 318 mana
613 271 638 335 1,
666 254 799 319 49-50.
1080 261 1122 326 69

137 501 141 508 ⁴
171 476 175 482 .
205 425 378 505 Praecipue
400 425 445 486 ita
470 436 593 505 patrum
622 447 748 488 numero
776 427 938 504 inminuto,
961 434 1070 495 statuit

162 507 265 568 nullos
292 507 325 565 in
350 515 449 585 patres
475 506 582 587 legere,
605 529 664 585 qno
686 509 888 588 contemptior
914 513 1069 590 paucitate

162 588 229 666 ipsa
243 587 320 648 ordo
334 596 410 646 esset
424 588 583 667 minusque
597 608 652 666 per
665 609 696 647 se
711 588 790 648 nihil
811 590 860 669 agi
876 591 1070 672 indignaren-

162 677 223 728 tur.
267 667 331 727 Hic
353 667 434 726 enim
456 688 560 746 regum
583 669 699 747 primus
721 670 868 730 traditum
885 692 905 731 a
919 675 1070 752 prioribus

162 769 279 809 morem
301 748 339 808 de
360 748 500 808 omnibus
524 759 663 808 senatum
689 750 867 812 consulendi
888 753 999 827 solvit;
1019 757 1070 817 do·
1103 758 1123 820 5

162 828 296 888 mesticis
318 827 452 888 consiliis
474 849 537 888 rem
560 829 718 908 publicam
741 831 985 907 administravit;
1007 835 1070 896 bel·

161 908 238 982 lum,
254 913 370 987 pacem,
385 907 515 982 foedera,
531 911 688 970 societates
710 932 765 992 per
785 933 817 973 se
834 915 906 994 ipse,
921 936 990 975 cum
1005 917 1070 1010 qui-

162 988 220 1049 bus
248 989 357 1062 voluit,
388 990 505 1070 rnjussu
531 990 637 1072 populi
668 1013 705 1052 sc
733 1004 864 1068 senatus,
892 996 966 1057 fecit
993 997 1070 1058 drre·

55 1127 63 1144 ,
161 1071 288 1150 mitque.

204 1151 389 1212 Latinorum
416 1151 474 1212 sibi
503 1155 637 1215 maxime
666 1165 787 1236 gentem
816 1157 1010 1231 conciliabat,
1036 1167 1070 1219 ut
1084 1161 1124 1222 10

162 1232 332 1312 peregrinis
360 1253 479 1314 qnoque
508 1235 617 1314 opibus
646 1239 741 1298 tutior
769 1237 849 1298 inter
876 1239 957 1298 cives
984 1247 1068 1310 esset,

161 1333 263 1391 neque
291 1313 422 1392 hospitia
452 1314 541 1375 modo
570 1337 640 1377 cnm
667 1317 851 1398 primoribus
879 1338 991 1390 eorum,
1016 1319 1069 1382 sed

162 1394 339 1454 adfinitates
355 1414 473 1474 quoque
484 1396 643 1477 jungebat.
685 1399 817 1460 Octavio
836 1397 976 1460 Mamilio
996 1398 1068 1460 Tus·

163 1473 278 1535 culano
308 1475 347 1548 (is
377 1474 466 1554 longe
495 1479 635 1559 princeps
664 1479 769 1541 Latini
792 1480 923 1540 nominis
947 1489 1021 1552 erat,
1043 1480 1068 1539 si

163 1554 267 1615 famae
288 1557 447 1631 credimus,
467 1558 506 1619 ab
525 1559 622 1621 Ulixe
645 1561 762 1640 deaque
784 1559 874 1621 Circa
896 1561 1123 1638 oriundus),15
1163 1579 1178 1584 “

163 1637 193 1697 ei
215 1636 356 1698 Mamilio
377 1638 473 1699 filiam
498 1650 629 1719 nuptum
654 1641 717 1714 dat,
740 1661 852 1721 perque
875 1661 924 1701 eas
946 1641 1069 1720 nuptias

163 1717 279 1780 multos
293 1719 351 1778 sibi
366 1730 508 1800 cognatos
523 1722 695 1801 amicosque
710 1722 773 1802 ejus
788 1721 939 1782 conciliat.

208 1799 245 1859 L.
288 1799 361 1862 Jam
383 1822 495 1880 magna
519 1802 666 1881 Tarquini
692 1803 857 1864 auctoritas
882 1803 961 1863 inter
985 1802 1070 1863 Lati-

164 1902 275 1942 norum
305 1903 441 1960 proceres
470 1892 543 1955 erat,
568 1904 637 1942 cum
664 1881 704 1943 in‘
721 1884 802 1943 diem
830 1892 952 1952 certam,
974 1892 1009 1942 ut
1030 1883 1068 1942 ad
1111 1943 1114 1950 ,

165 1962 272 2023 lucum
302 1962 482 2024 Ferentinae
512 1965 704 2038 conveniant,
732 1964 858 2035 indicit;
893 1984 963 2036 esse,
993 1983 1070 2042 quae
1085 1965 1124 2029 20

166 2064 258 2122 agere
279 2043 317 2104 de
339 2044 427 2104 rebus
449 2045 662 2106 communibus
676 2045 761 2106 velit.
804 2044 999 2106 Conveniunt
1012 2044 1069 2104 fre·

166 2134 293 2203 quentcs
318 2127 416 2204 prima
442 2124 527 2198 luce;
549 2127 612 2206 ipse
635 2125 819 2205 Tarquinius
841 2125 921 2185 diem
946 2124 1068 2204 quidem

166 2206 311 2279 servavit,
334 2207 386 2266 sed
411 2207 504 2286 paulo
530 2217 601 2267 ante
623 2227 716 2286 quam
738 2206 782 2266 sol
804 2205 955 2266 occideret
975 2206 1068 2268 venit

167 2284 271 2346 Multa
285 2287 327 2347 ibi
342 2296 405 2347 toto
421 2289 470 2348 die
484 2289 516 2348 in
533 2288 663 2349 concilio
678 2287 772 2348 variis
789 2287 907 2366 jactata
927 2286 1069 2347 sermoni·
1111 2355 1115 2364 ι

167 2364 225 2426 bus
240 2377 335 2428 erant.
378 2367 498 2430 Turnus
514 2368 692 2430 Herdonius
707 2366 746 2427 ab
760 2367 868 2427 Aricia
882 2366 1022 2427 ferociter
1037 2365 1069 2425 in
1084 2369 1124 2432 25

168 2444 322 2508 absentem
337 2445 536 2527 Tarquinium
561 2458 627 2510 erat
648 2449 803 2510 invectus:
837 2448 935 2508 ‘haud
956 2448 1070 2508 mirum

167 2545 237 2597 esse,
246 2525 381 2604 Superbo
390 2526 521 2585 inditum
530 2524 833 2604 Romaecognomen’
853 2525 1073 2605 (jamenimita

167 2606 247 2667 clam
262 2606 383 2684 quidem
399 2606 598 2679 mussitantes,
613 2605 703 2685 volgo
724 2615 835 2678 tamen,
850 2627 918 2666 eum
940 2627 958 2665 a
981 2601 1073 2684 pella·

169 2688 279 2764 bant);
311 2694 368 2750 ‘an
385 2691 546 2770 quicquam
564 2687 722 2768 superbius
737 2705 904 2764 essequam
919 2627 1071 2744 ludificari

169 2770 212 2830 sic
241 2791 329 2830 omne
356 2791 465 2830 nomen
495 2770 665 2832 Latinum?
712 2765 908 2846 Principibus
934 2765 1026 2844 longe
1048 2765 1127 2850 a30

169 2849 259 2910 domo
285 2850 402 2922 excitis,
428 2852 536 2930 ipsum,
561 2851 613 2930 qui
639 2849 802 2912 concilium
830 2845 985 2918 indixerit,
1011 2865 1072 2932 non

169 2930 280 2991 adesse.
312 2929 475 3010 'Temptari
498 2931 633 3011 profecto
656 2930 845 3010 patientiam,
862 2935 905 3000 ut,
920 2926 945 3002 si
962 2926 1072 3005 jugum

169 3011 351 3090 acceperint,
373 3011 518 3072 obnoxios
540 3020 666 3090 premat.
709 3010 767 3071 Oui
789 3009 870 3069 enim
895 3027 956 3068 non
981 3022 1073 3092 appa·
1096 3061 1100 3070 ,

169 3107 244 3164 rere,
260 3092 412 3152 adfectare
432 3113 499 3151 eum
519 3093 681 3171 imperinm
697 3091 728 3150 in
744 3089 892 3151 Latinos?
935 3088 1026 3164 Quod
1047 3087 1072 3146 si

168 3172 215 3230 sui
237 3173 313 3232 bene
334 3173 518 3233 crediderint
540 3173 629 3243 cirea,
644 3181 699 3232 aut
720 3171 745 3230 si
769 3171 917 3230 creditum
938 3168 1027 3240 illud,
1042 3177 1072 3228 et
1087 3167 1126 3228 35

168 3271 230 3312 non
242 3264 370 3332 'raptum
386 3253 551 3332 parricidio
572 3253 620 3324 sit,
636 3251 757 3312 credere
771 3259 802 3310 et
817 3250 953 3321 Latinos,
969 3259 1073 3326 quam·

169 3351 261 3412 quam
284 3346 326 3393 ne'
344 3334 387 3394 eie
410 3334 532 3412 quidem
558 3332 757 3410 alienigenae,
780 3329 907 3412 debere}
935 3329 1072 3402 sinsuos

169 3413 233 3492 ejus
243 3410 407 3492 paeniteat,
419 3414 531 3492 quippe
542 3414 595 3492 qui
609 3413 668 3488 alii
677 3409 768 3489 super
782 3409 857 3468 alios
872 3407 1071 3498 trucidentur,

169 3493 329 3554 exulatum
357 3501 438 3568 eant,
461 3492 605 3554 amittant
632 3488 722 3562 bona,
745 3487 819 3565 quid
846 3503 911 3564 sper
938 3483 1072 3544 melrorrs
