2568 3782
424 251 556 304 arsura
582 239 832 322 xx1,31-32.
1066 199 1127 346 11]

167 414 255 476 nuda
280 414 406 476 auxiliis
430 414 577 476 Romanis
602 413 756 494 Hispania
781 423 866 488 esset,
892 436 983 495 quam
1009 437 1075 495 pro-

168 495 307 556 vinciam
333 496 457 556 sortitus
479 503 554 568 erat,
579 494 634 556 Cn.
663 495 836 574 Scipionem
864 495 988 555 fratrem
1005 516 1074 556 cum

169 577 309 636 maxima
348 585 435 655 parte
472 576 629 654 copiarum
667 575 812 635 adversus
849 575 1074 636 Hasdrubalem

169 655 264 728 misit,
289 676 350 716 non
378 655 417 715 ad
445 655 573 716 tuendos
601 656 813 716 tantummodo
837 666 953 717 veteres
981 658 1075 716 socios

170 737 438 814 conciliandosque
459 756 562 808 novos,
576 736 628 796 sed
643 737 736 796 etiarn
752 737 791 796 ad
807 736 982 816 pellendum
1005 737 1075 796 His·
1110 739 1129 798 5

169 816 264 895 pauia
293 816 533 876 Hasdrubalem.
576 815 645 898 Ipse
669 837 740 878 cum
768 817 933 877 admodum
957 817 1076 896 exiguis

170 897 265 975 copiis
295 896 434 957 Genuam
463 897 581 975 repetit,
603 917 647 970 eo,
668 898 722 976 qui
751 899 834 958 circa
862 897 983 960 Padurn
1010 907 1077 958 erat

169 978 333 1049 exercitus,
355 975 478 1036 Italiam
501 977 686 1039 defensurus.
740 975 743 989 '

210 1055 374 1117 Hannibal
394 1057 433 1117 ab
455 1057 608 1119 Druentia
630 1059 791 1138 campestri
811 1059 946 1120 maxime
968 1058 1076 1120 itinere

169 1135 210 1196 ad
231 1137 324 1216 Alpis
346 1158 415 1197 cum
439 1137 520 1198 bona
540 1160 616 1218 pace
636 1140 836 1200 incolentium
858 1161 894 1200 ea
914 1139 982 1200 loca
1002 1139 1129 1202 Gal-10

169 1216 272 1278 lorum
292 1199 466 1319 pervenias
483 1218 572 1294 Tum,
590 1227 775 1300 quamquam
797 1220 880 1283 fama
900 1220 993 1300 prius,
1015 1240 1076 1299 qua

156 1297 289 1366 incerta
302 1299 336 1374 in
350 1300 448 1362 ma’us
468 1299 539 1370 fere'
550 1300 623 1378 ferri
643 1301 750 1374 solent,
765 1311 926 1380 praecepta
941 1319 986 1374 res
1001 1311 1075 1373 erat,

170 1387 275 1440 tamen
289 1399 328 1439 ex
342 1321 515 1458 'probisque
529 1383 595 1442 visa
610 1381 759 1442 montium
781 1381 912 1441 altitudo
932 1381 1076 1459 nivesque

171 1459 257 1520 caelo
271 1481 366 1540 prope
381 1461 537 1534 inmixtae,
548 1471 630 1523 tecta
641 1462 783 1522 informia
795 1462 926 1540 inposita
940 1461 1075 1540 rupibus,

71 1576 89 1634 g
106 1551 282 1622 'fflqpecora
292 1542 492 1621 jumentaque
506 1541 623 1602 torrida
638 1542 758 1621 frigore,
768 1542 905 1602 homines
920 1541 1032 1601 intonsi
1046 1551 1076 1602 et
1092 1541 1129 1604 15

94 1618 113 1628 '⁹
172 1621 293 1695 inculti,
318 1623 465 1682 animalia
493 1623 689 1702 inanimaque
714 1623 817 1682 omnia
841 1623 971 1701 rigentia
995 1621 1075 1700 gelu,

172 1713 274 1764 cetera
284 1704 351 1782 visu
365 1723 455 1782 quam
467 1703 552 1764 dictu
567 1703 711 1784 foediora,
724 1712 867 1773 terrorem
881 1712 1075 1763 renovarunt.

120 1836 124 1844 .
132 1765 372 1879 slerigentilqus
387 1786 418 1843 in
434 1784 547 1864 primos
568 1803 675 1864 agmen
697 1783 791 1844 clivos
812 1793 1019 1862 apparuerunt
1033 1783 1076 1842 in-

139 1894 145 1908 1
173 1866 322 1926 minantes
344 1865 476 1952 tumulos
493 1865 661 1938 'insidentes
682 1864 828 1946 montani,
850 1864 923 1942 qui,·
933 1863 959 1925 si
980 1863 1076 1924 valles

173 1947 352 2008 occultiores
381 1945 567 2019 insedissent,
589 1945 693 2005 ⁴coorti
722 1945 761 2017 ad
790 1951 924 2029 pugnam
953 1954 1075 2022 repente
1090 1943 1130 2006 20

173 2027 328 2106 ingentem
355 2026 461 2106 fugam
490 2021 681 2105 stragemque
709 2022 901 2102 dedissent-t?
912 2024 1074 2085 Hannibal

173 2108 335 2168 consistere
362 2108 449 2187 signa
473 2107 580 2188 jussit;
604 2105 762 2185 Gallisque
790 2106 828 2165 ad
855 2104 980 2166 visenda
1007 2104 1075 2165 loca

173 2189 353 2268 praemissis,
368 2198 528 2268 postquam
546 2188 682 2266 conperit
701 2188 863 2246 transitum
879 2207 914 2246 ea
928 2207 987 2246 uon
1004 2206 1073 2258 esse,

173 2278 274 2328 castra
294 2269 374 2328 inter
398 2269 575 2348 confragosa
600 2269 703 2328 omnia
728 2277 960 2353 praeruptaque,
975 2287 1073 2344 quam
1104 2283 1117 2300 ⁴

172 2349 382 2410 extentissima
406 2359 503 2428 potest
529 2349 618 2421 valle,
645 2349 737 2428 locat,
776 2347 854 2406 Tum
880 2367 931 2423 per
955 2347 1073 2406 eosdem
1089 2347 1127 2408 25

171 2428 288 2502 Gallos,
304 2423 386 2510 haud
401 2429 473 2489 sane
489 2429 620 2490 multum
636 2428 741 2508 lingua
756 2428 948 2506 moribusque
967 2425 1074 2486 abhor-

173 2511 275 2580 rentis,
291 2529 359 2570 cum
375 2531 405 2568 se
421 2510 643 2570 inmiscuissent
664 2508 830 2588 conloquiis
852 2517 1074 2579 montanorum,

172 2590 304 2663 edoctus,
315 2589 448 2650 interdiu
462 2600 581 2650 tanturn
594 2590 724 2651 obsideri
738 2589 859 2662 saltum,
872 2599 959 2648 nocte
974 2589 1005 2646 in
1020 2607 1074 2647 sua
1110 2623 1112 2628 ·
1146 2619 1149 2626 Δ

173 2689 322 2749 quemque
340 2670 436 2730 dilabi
453 2675 542 2742 tecta,
557 2663 626 2731 luce
647 2671 747 2750 prima
768 2669 861 2730 subiit
882 2669 1024 2741 tumulos,
1039 2677 1074 2728 ut
1121 2653 1213 2724 ficus

173 2770 211 2809 ex
225 2760 330 2828 aperto
344 2762 435 2828 atque
449 2751 582 2810 interdiu
599 2751 660 2810 vim
682 2773 736 2832 per
757 2751 911 2829 angustias
928 2751 1072 2809 tacturus.
1089 2749 1128 2811 30

173 2829 234 2890 Die
257 2831 366 2890 deinde
390 2830 561 2892 simulando
585 2831 671 2892 aliud
693 2853 785 2910 qnam
806 2831 886 2909 quod
909 2829 1075 2909 parabatur

173 2920 361 2989 consumpto,
376 2931 445 2972 curn
466 2911 570 2972 eodem
592 2933 650 2992 quo
673 2913 870 2972 constiterant
890 2911 955 2970 loco
975 2921 1074 2970 castra

173 2991 417 3064 communissent,
439 2991 491 3051 ubi
512 2993 644 3070 primum
670 2993 822 3070 degressos
844 2992 970 3052 tumulis
992 3011 1073 3049 mon·

173 3079 261 3132 tanos
285 3071 465 3150 laxatasque
490 3073 764 3145 sensit-custodias,
789 3073 928 3151 pluribus
953 3070 1074 3149 ignibus

174 3170 265 3228 quarn
287 3171 343 3230 pro
363 3171 489 3210 numero
510 3155 697 3226 manentium
717 3153 750 3212 in'
769 3154 897 3231 speciem
919 3151 1015 3222 lactis,
1031 3152 1074 3210 in·
1089 3151 1128 3212 35

175 3231 416 3312 pedImeutisque
437 3252 504 3290 curn
528 3233 628 3309 equite
649 3233 762 3292 relictis
781 3245 811 3292 et
829 3252 974 3290 maxuma
989 3241 1075 3308 parte

177 3310 321 3386 peditum,
344 3312 407 3388 ipse
428 3331 496 3369 cnm
517 3311 674 3389 expeditis,
697 3313 844 3372 acerrimo
866 3332 985 3392 quoque
999 3312 1074 3383 viro,

177 3389 288 3468 raptim
313 3393 468 3469 angustias
492 3391 604 3462 evadit,
626 3392 722 3470 iisque
747 3391 819 3468 ipsis
844 3392 978 3460 tumulis,
1000 3409 1074 3467 quos

177 3467 274 3532 hostes
295 3479 464 3546 tenuerant,
485 3469 627 3531 consedit
912 3501 913 3504 ¹
