2520 3784
165 209 209 276 44
336 225 426 270 rrrr
453 226 549 273 nrvr
575 227 630 273 sn
656 226 771 274 vana
800 226 992 276 connrrs

220 386 238 415 “
247 381 362 455 Lictor,
372 382 492 461 conliga
503 404 619 443 manus.
621 384 639 410 ”
675 383 853 444 Accesserat
864 384 955 446 lictor
964 385 1127 446 iniciebat·

221 483 279 542 que
308 463 459 555 laqueum3
501 463 579 523 Tum
608 463 767 536 Horatius,
789 473 913 524 auctore
940 465 1040 536 Tullo,
1065 467 1127 526 cle-

220 551 321 602 mente
349 542 423 620 legis
451 543 625 621 interprete,
651 545 827 622 “’provoco
830 544 971 626 'iuquit
1013 513 1128 626 Ilaque

220 623 434 703 provocatione
449 633 597 684 certatum
612 622 651 683 ad
666 624 814 702 populum
828 634 880 686 est.
960 673 963 678 .

187 704 207 764 5
262 702 340 762 Moti
362 702 497 762 homines
518 713 589 763 sunt
610 704 642 762 in
664 725 699 763 eo
715 705 833 782 J'udicio
855 707 990 767 maxime
1010 706 1127 766 Publio

220 783 332 844 Horat
312 793 354 842 t10
382 791 435 861 pat
436 803 468 842 re
496 782 713 862 proclamante,
738 805 769 844 se
796 786 925 845 filiam'
913 807 983 865 Jure
1006 807 1128 846 caesam

222 863 378 944 judicare;
400 863 432 921 ni
453 863 497 922 ita
517 874 593 924 esset
595 874 671 942 pa
672 885 718 924 rio
735 885 805 943 Jure
819 887 852 925 1n
866 866 966 925 filium
988 866 1128 926 animad-

221 965 379 1008 versurum
394 943 494 1004 fuisse
536 944 655 1004 Orabat
676 945 793 1016 deinde,
808 967 846 1006 ne
867 967 906 1019 se,
921 967 1011 1024 quem
1031 946 1128 1024 paulo

221 1034 293 1085 ante
307 1045 377 1084 cum
392 1025 513 1103 egregia
533 1025 627 1104 stirpe
649 1026 881 1104 conspexissent,
860 993 1006 1086 terbum
1021 1026 1129 1086 liberis
1233 1071 1238 1111 J

169 1105 208 1167 10
222 1106 365 1165 facerent
402 1105 454 1164 lnt
443 1115 488 1165 ter
499 1105 573 1165 haec
588 1126 680 1165 senex
690 1107 834 1185 juvenem
850 1107 1019 1186 amplexus,
1028 1106 1129 1185 spolia

222 1185 338 1246 Ouriat
317 1195 427 1246 trorum
444 1187 505 1246 fixa
519 1207 553 1245 eo
568 1185 643 1259 loco,
658 1188 711 1265 qui
732 1207 815 1247 nunc
835 1188 900 1266 pila
920 1187 1031 1247 Horat
1011 1197 1054 1246 tra
1074 1208 1130 1266 ap·

222 1266 318 1345 pella
320 1287 365 1339 ur
381 1275 425 1326 os
427 1276 477 1326 en
479 1287 542 1340 ans
559 1267 748 1339 “huncine’'
764 1266 904 1339 aiebat‘
908 1277 1014 1345 quem
1035 1267 1129 1327 modo

222 1347 345 1406 decorat
333 1356 398 1406 tum
419 1357 621 1426 ovantemque
636 1348 685 1408 vic
687 1347 768 1407 toria
789 1315 931 1407 incedent
919 1356 978 1407 tem
997 1347 1100 1407 vidist'
1078 1357 1129 1420 trs,

223 1427 368 1504 Quirites,
393 1448 461 1486 eum
486 1427 542 1487 sub
567 1431 654 1491 furca
679 1429 815 1488 vinctum
841 1429 921 1488 inter
944 1427 1072 1488 verbera
1096 1437 1130 1487 et

170 1506 209 1566 15
223 1508 375 1568 cruciatus
390 1508 493 1569 videre
507 1508 651 1587 potestis?
665 1508 747 1587 quod
761 1509 816 1569 vix
831 1507 1025 1568 Albanorum
1045 1507 1130 1567 oculi

222 1597 285 1650 tam
313 1588 447 1649 deforme
473 1598 558 1668 spect
546 1589 681 1648 taculum
703 1589 780 1648 ferre
801 1597 930 1667 possent.
979 1587 1006 1661 I,
1027 1587 1082 1648 lict
1070 1597 1130 1661 to,r

224 1669 345 1747 conliga
366 1688 482 1741 manus,
504 1689 582 1748 quae
603 1669 695 1748 paulo
715 1689 754 1728 an
758 1678 787 1728 e
808 1678 906 1728 armat
905 1689 944 1728 ae
964 1668 1131 1747 imperium

223 1750 336 1842 populo
355 1750 494 1810 Romano
516 1759 705 1828 pepererunt,
721 1749 740 1818 i,
763 1759 857 1827 caput
877 1748 998 1808 obnube
1019 1749 1131 1809 libera-

223 1831 298 1890 toris
323 1830 407 1890 urbis
431 1831 531 1910 hujus,
552 1830 661 1890 arbore
679 1828 795 1890 infelici
820 1829 978 1908 suspende,
999 1829 1131 1891 verb'era

170 1911 210 1976 20
225 1910 344 1972 velt
298 1920 344 1971 rnt
346 1931 381 1970 ra
404 1911 583 1989 pomerium,
605 1910 694 1970 modo
716 1910 796 1969 inter
816 1909 873 1970 illa
893 1910 959 1988 pila
979 1919 1009 1970 et
1030 1910 1132 1988 spolia

224 1992 366 2064 hostium,
388 1991 439 2053 vel
463 2003 553 2051 extra
576 1991 755 2070 pomerium,
775 1991 864 2051 modo
885 1991 966 2049 inter
988 1989 1132 2069 sepulcra

224 2072 438 2134 Curiatiorum.
481 2073 552 2150 Quo
573 2072 655 2131 enim
676 2071 786 2130 ducere
808 2071 891 2130 hunc
911 2072 1057 2149 juvenem
1079 2091 1132 2150 po·

225 2162 283 2214 test
285 2153 318 2223 is,
271 2152 386 2212 tubi
400 2173 459 2212 non
480 2173 535 2213 sua
550 2153 661 2213 decora
674 2172 745 2212 eum
758 2171 778 2214 a
791 2159 859 2212 tant
861 2173 879 2212 a
847 2151 1039 2212 foeditate
1060 2172 1132 2232 sup·

223 2233 308 2314 plicii
324 2233 480 2294 vindicent
489 2233 527 2295 ?''

171 2314 211 2377 25
265 2313 346 2374 Non
357 2314 429 2374 tulit
417 2314 580 2408 tpopulus
600 2335 657 2374 nec
677 2323 731 2394 pat
729 2314 774 2374 ris
795 2313 938 2374 lacrimas
958 2334 1015 2374 nec
1033 2313 1132 2393 ipsius

224 2415 330 2487 parem
354 2393 386 2453 in
411 2397 493 2454 omni
520 2395 657 2474 periculo
686 2395 840 2454 animum·
833 2394 1131 2473 ,absolveruntque

224 2474 426 2536 admiratione
436 2476 531 2554 magis
542 2477 590 2538 vir
592 2476 665 2536 tutis
677 2497 768 2555 quam
774 2476 845 2554 jure
856 2495 973 2536 causae.
1009 2473 1040 2534 It
1028 2483 1131 2554 t,aque

225 2563 260 2615 ut
284 2554 388 2615 caedes
412 2556 572 2616 manifesta
541 2556 696 2635 taliquo
716 2565 821 2615 tamen
842 2555 964 2648 piaculo
983 2543 1082 2615 lueret
1070 2563 1131 2629 t,ur

225 2635 355 2727 imperat
357 2656 408 2695 um
423 2645 476 2715 pat
478 2637 513 2709 ri,
528 2645 563 2696 ut
577 2636 676 2695 filium
694 2637 834 2714 expiaret
848 2635 979 2714 pecunia
989 2634 1130 2727 publica.

172 2715 212 2777 30
226 2715 266 2789 Is
294 2713 477 2794 quibusdam
504 2716 712 2795 piacularibus
740 2715 895 2776 sacrificiis
923 2715 995 2775 fact'
974 2725 1022 2788 t1s,
1050 2735 1132 2795 quae

226 2796 336 2856 deinde
359 2797 444 2874 genti
468 2796 619 2856 Horatiae
643 2796 757 2857 tradita
777 2804 858 2869 sunt,
878 2796 1054 2856 transmisso
1077 2816 1133 2888 per

226 2877 308 2938 viam
331 2877 375 2954 tig
331 2876 440 2949 tuille,
454 2878 537 2955 capit
539 2899 555 2936 e
575 2878 702 2956 adopert
704 2898 721 2936 o
691 2876 824 2936 tvelut
844 2875 930 2936 sub
918 2897 1028 2954 Jugunr
1046 2875 1132 2936 misit

226 2957 381 3037 juvenem.
423 2957 460 3016 Id
478 2958 566 3016 hodie
580 2977 699 3035 quoque
712 2956 836 3035 publice
849 2975 967 3034 semper
980 2955 1133 3016 refectum

225 3046 343 3097 nranet:
365 3038 514 3100 sororium
535 3037 670 3115 tigillum
693 3046 813 3098 vocant.
792 3036 966 3096 tt'Hora
946 3045 1007 3096 trae
1030 3036 1134 3114 sepul-

172 3118 210 3178 35
225 3138 320 3189 crum,
335 3137 394 3195 quo
415 3117 482 3176 loco
503 3127 658 3177 corruerat
679 3117 750 3190 icta,
766 3125 974 3176 constructum
991 3124 1037 3176 est
1053 3137 1132 3178 saxo

225 3198 381 3276 quadrato.

265 3275 412 3337 XXVII.
453 3276 520 3337 Neo
542 3277 595 3336 diu
615 3299 679 3356 pax
692 3275 819 3338 Albana
838 3277 959 3338 mansit
1002 3275 1133 3337 Invidia

225 3356 320 3436 vulgi,
332 3357 413 3435 quod
427 3358 525 3418 tribus
540 3358 689 3419 militibus
702 3358 826 3418 fortuna
840 3357 964 3436 publica
979 3358 1133 3418 conmissa

225 3436 334 3511 fuerat,
350 3458 464 3499 vanum
484 3439 651 3518 ingenium»
663 3439 827 3500 dictatoris.
841 3437 988 3517 corrupit,
1001 3445 1041 3512 et,
1057 3458 1132 3518 qno·
