2562 3788
131 251 195 316 220
312 265 403 311 rr‘rr
430 262 528 311 n1v1
554 261 611 308 ns
638 261 753 308 vaes
779 261 975 309 conmru

183 432 297 484 tentem
320 421 384 500 ejus
408 419 554 498 injuriam
577 418 697 480 invidia
718 426 834 491 onerat,
856 427 891 478 nt
912 417 1114 498 increpando.

184 503 265 583 qnod
280 500 472 578 degenerarit
491 508 611 558 tantum
634 519 653 558 a
673 519 705 558 se
726 499 800 576 ipse,
816 497 990 558 cumulatas
1013 499 1042 557 ei
1058 519 1111 558 ve-

184 593 260 644 teres
282 582 387 641 landes
409 578 625 640 moderationis
645 588 677 639 et
696 579 919 657 temperantiae
933 598 990 655 pro
1006 598 1110 657 repre-

184 663 327 724 hensione
342 659 494 741 praesenti
509 658 633 731 reddat;
649 659 833 737 castigatum
849 658 930 717 enim
946 658 1109 736 quondam

151 742 224 806 tab
238 763 273 802 eo
287 741 437 822 populum
452 740 505 811 ait,
521 739 602 819 qnod
617 759 685 799 eum
701 748 885 817 perpetuum
901 739 1061 798 consulem
1078 749 1110 799 et

185 823 366 884 dictatorem
381 819 477 882 vellet
498 818 615 890 facere;
637 818 830 898 prohibuisse
850 826 968 878 statuas
989 817 1052 878 sibi
1074 819 1110 878 in

185 903 316 974 comitio,
328 903 358 962 in
375 901 488 973 rostris,
501 900 533 958 iu
549 900 643 972 curia,
653 899 685 958 in
697 897 861 978 Capitolio,
874 897 906 956 in
921 897 1001 958 cella
1017 898 1041 960 J
1041 899 1110 960 ovis

185 983 274 1063 poni;
306 981 506 1061 prohibuisse,
534 998 573 1040 ne
601 979 825 1051 decerneretur,
853 987 889 1038 ut
916 978 1021 1056 imago
1050 999 1110 1040 sna

133 1142 150 1204 1
185 1062 364 1143 triumphali
393 1069 504 1122 ornatu
531 1080 549 1121 e
576 1058 691 1138 templo
716 1058 806 1122 Jovis
835 1059 945 1139 optimi
973 1060 1109 1120 maximi

153 1143 290 1205 Oexiret.

226 1221 331 1284 LVII.
373 1220 462 1282 Haec
486 1219 536 1283 vel
560 1220 593 1279 in
618 1219 798 1280 laudatione
822 1219 923 1299 posita
947 1218 1109 1299 ingentem

186 1301 429 1382 magnitudinem
444 1301 540 1360 animi
556 1300 743 1362 moderantis
758 1300 798 1359 ad
814 1301 939 1362 civilem
961 1300 1108 1362 habitum

186 1383 352 1444 honoribus
372 1382 589 1462 significarent,
611 1401 691 1460 quae
715 1380 932 1461 exprobrando
959 1379 1109 1443 inimicus

187 1463 309 1524 fatetur.
352 1463 437 1523 Huic
467 1461 609 1523 Graccho
637 1463 788 1522 minorem
815 1481 856 1520 ex
883 1459 1004 1522 duabus
1032 1461 1109 1523 filiis

136 1544 174 1604 15
191 1547 276 1623 (nam
292 1544 388 1624 major
404 1543 437 1603 Ρ.
454 1541 598 1603 Cornelio
612 1541 744 1603 Nasicae
759 1541 844 1601 haud
859 1541 953 1601 dubie
974 1561 995 1601 a
1015 1551 1107 1621 patre

188 1623 346 1685 conlocata
360 1623 440 1696 erat)
456 1633 586 1702 nuptam
600 1623 693 1683 fuisse
708 1622 852 1684 convenit
861 1643 868 1694 ;
891 1620 972 1682 illud
992 1642 1108 1701 parum

189 1713 314 1776 constat,
330 1713 432 1764 utrum
448 1711 657 1782 postmortem
673 1703 769 1782 patris
789 1713 821 1763 et
841 1703 994 1782 desponsa
1012 1705 1054 1763 sit
1074 1713 1108 1766 et

189 1785 334 1863 nupserit,
356 1804 394 1844 an
419 1803 510 1844 verae
537 1783 611 1843 illae
635 1784 792 1862 opiniones
820 1785 891 1856 sint,
915 1782 1107 1860 Gracchum,

189 1886 256 1928 cum
279 1864 315 1924 L.
337 1863 438 1943 Scipio
463 1864 495 1923 in
516 1863 643 1924 vincula
667 1864 830 1925 duceretur
859 1885 915 1926 nec
940 1867 1107 1945 quisquam

137 1947 176 2008 20
191 1946 377 2025 collegarum
392 1944 510 2003 anxilio
525 1953 609 2014 esset,
622 1944 748 2022 jurasse,
764 1945 823 2006 sibi
837 1945 1017 2006 inimicitias
1033 1968 1105 2007 cum

190 2025 391 2106 Scipionibus,
416 2045 494 2104 quae
521 2023 657 2096 fuissent,
683 2044 815 2098 manere,
840 2047 897 2087 nec
924 2047 956 2086 se
985 2030 1107 2106 gratiae

191 2107 381 2187 quaerendae
409 2125 499 2164 causa
528 2104 692 2184 quicquam
722 2105 830 2178 facere,
860 2107 922 2181 sed,
950 2108 984 2168 in
1013 2128 1106 2186 quem

192 2207 341 2248 carcerem
370 2206 453 2264 reges
481 2196 512 2244 et
539 2186 736 2264 imperatores
771 2187 905 2247 hostium
940 2188 1107 2249 ducentem

192 2268 315 2329 vidisset
336 2266 369 2327 P.
385 2265 578 2337 Africanum,
600 2265 632 2324 in
655 2286 724 2326 eum
746 2287 777 2326 se
798 2268 925 2328 fratrem
946 2269 1011 2409 <gns
1033 2269 1108 2331 duci

139 2350 177 2411 25
192 2369 252 2408 non
281 2365 455 2426 passurum:
484 2354 623 2405 senatum
651 2367 685 2406 eo
711 2347 759 2407 die
787 2347 865 2408 forte
893 2349 925 2407 in
976 2349 1107 2428 apitolio

192 2436 350 2490 cenantem
380 2425 602 2487 consurrexisse
630 2434 660 2487 et
688 2428 805 2506 petisse,
828 2441 862 2488 nt
890 2430 971 2490 inter
998 2430 1107 2509 epulas

192 2508 332 2570 Graccho
356 2507 452 2567 filiam
477 2506 646 2566 Africanus
671 2507 887 2586 desponderet:
924 2509 1037 2588 quibus
1062 2511 1108 2571 ita

192 2591 271 2651 inter
286 2588 442 2668 publicum
460 2586 607 2647 sollemne
627 2587 820 2666 sponsalibus
842 2591 900 2650 rite
920 2590 1020 2664 iactis,
1035 2611 1106 2651 cum

192 2692 223 2732 se
257 2671 380 2730 domum
415 2668 584 2746 recepisset,
621 2668 792 2747 Scipionem
826 2669 981 2730 Aemiliae
1015 2673 1108 2731 uxori

140 2755 179 2817 30
193 2752 304 2814 dixisse
332 2749 427 2808 filiam
462 2769 492 2808 se
527 2748 674 2808 minorem
704 2748 913 2827 despondisse:
950 2770 1022 2810 cum
1051 2752 1108 2812 illa

193 2830 383 2893 muliebriter
413 2829 651 2907 vindignabunda
683 2829 761 2889 nihil
790 2829 828 2888 de
857 2832 1020 2890 communi·
1040 2832 1108 2892 filia

192 2934 293 2974 secum
322 2909 538 2980 consultatum,
561 2909 727 2987 adjecisset,
750 2929 820 2982 non,
841 2909 866 2970 si
892 2908 938 2970 Ti.
962 2909 1108 2972 Graccho

193 2996 287 3065 daret,
303 3000 458 3071 expertem
475 2988 593 3048 consilii
609 2989 747 3048 debuisse
761 2999 890 3050 matrem
905 3011 977 3064 esse,
989 2990 1106 3051 laetum

193 3076 366 3152 Scipionem
394 3080 457 3129 tam
483 3069 626 3128 concordi
647 3069 765 3147 judicic
789 3069 824 3128 ei,
842 3070 900 3149 ipsi
925 3071 1106 3149 desponsam

141 3155 179 3214 35
194 3153 388 3229 respondisse.
431 3148 519 3208 Haec
540 3148 578 3208 de
600 3159 685 3208 tanto
701 3149 776 3219 vir0,
791 3169 977 3229 quamquam
999 3162 1031 3211 et
1045 3152 1108 3230 opi·

194 3228 333 3288 nionibus
355 3236 385 3286 et
407 3228 609 3286 monumentis
630 3228 802 3287 litterarum
817 3231 983 3302 variarent,
997 3247 1107 3310 propo

194 3309 294 3366 nenda
308 3315 404 3366 erant.
