2520 3784
427 233 559 279 nrnna
585 233 609 297 r,
637 215 766 280 24-25.
1051 211 1093 278 41

137 390 248 471 populi
271 389 390 450 Albani
412 390 516 450 foedus
541 389 683 450 ferirer’t
698 388 826 468 jubente
847 409 926 468 rege,
951 393 1042 467 “sag-

137 471 253 530 mina’'
267 470 369 549 inquit
384 475 450 543 “te,
465 491 529 543 rex,
543 491 633 550 posco
644 492 650 542 ;
661 470 678 496 ”
694 490 747 528 rex
762 470 814 542 ait,
830 474 967 548 “puram
987 469 1043 529 tol·

137 550 242 625 lito;”
266 551 380 612 fetialis
402 572 441 611 ex
464 571 533 610 arce
555 551 701 629 graminis
722 549 846 610 herbam
867 569 974 628 puram
997 559 1041 610 at·

138 633 230 706 tulit;
252 641 358 712 postea
376 653 476 710 regem
491 631 535 689 ita
549 631 688 709 rogavit:
711 634 728 660 ‘⁶
739 651 802 702 rex,
817 631 930 690 facisne
945 650 992 689 me
1006 639 1041 689 tu

137 714 259 792 regium
294 713 437 772 nuntium
464 710 571 790 populi
600 709 733 770 Romani
762 710 940 785 Quiritium,
968 731 1042 771 vasa
1076 713 1096 774 5

138 794 325 871 comitesque
340 792 467 852 meos?''
482 811 537 851 rex
552 791 725 870 respondit:
742 795 759 821 “
769 791 848 869 quod
860 791 924 852 sine
935 791 1043 852 fraude

138 893 208 933 mea
219 873 387 953 populique
397 872 529 932 Romani
541 872 710 948 Quiritium
725 872 787 944 fiat,
799 870 906 932 facio.'’
942 871 1042 932 Fetia-

138 955 178 1014 lis
200 963 266 1015 erat
288 953 332 1013 M.
349 953 511 1024 Valerius;
532 953 557 1012 is
580 965 696 1031 patrem
721 962 875 1032 patratum
898 952 1042 1031 Spurium

139 1035 269 1095 Fusium
302 1035 383 1107 fecit,
409 1033 544 1096 verbena
571 1042 665 1111 caput
692 1033 878 1116 capillosque
905 1043 1040 1112 tangens.

139 1115 234 1176 Pater
257 1125 396 1194 patratus
419 1115 459 1174 ad
480 1115 531 1193 jus
551 1114 719 1194 jurandum
741 1114 933 1192 patrandum,
949 1114 981 1174 id
998 1117 1096 1178 est10

138 1196 340 1257 sanciendum
367 1195 402 1255 fit
430 1195 552 1267 foedus;
581 1194 746 1274 multisque
774 1194 805 1252 id
833 1194 943 1268 verbio,
964 1215 1042 1274 quae

139 1274 233 1356 longo
244 1277 339 1336 effata
353 1276 488 1336 carmine
506 1296 565 1334 non
587 1295 695 1354 operae
716 1283 761 1334 est
780 1274 900 1347 referre,
915 1275 1042 1353 peragit.

139 1356 277 1435 Legibus
297 1356 407 1416 deinde
427 1356 570 1426 recitatio,
586 1356 715 1428 “audi''
737 1356 846 1434 inquit,
862 1360 879 1386 “
888 1355 910 1416 J
913 1357 1044 1434 uppiter,¹

139 1438 224 1509 audi,
245 1446 333 1516 pater
353 1445 473 1516 patrate
493 1436 600 1515 populi
619 1435 745 1509 Albani,
760 1436 834 1495 audi
854 1445 899 1508 tu,
913 1435 1043 1514 populus

139 1517 303 1577 Albanus:
333 1526 368 1577 ut
394 1516 451 1576 illa
479 1517 582 1596 palam
611 1517 709 1594 prima
737 1527 887 1594 postrema
915 1537 953 1576 ex
982 1515 1043 1576 illis
1058 1517 1096 1579 15

138 1597 255 1658 tabulis
271 1617 378 1657 cerave
391 1597 520 1657 recitata
532 1605 605 1658 sunt
618 1598 682 1657 sine
697 1596 873 1669 dolo-malo,
886 1597 993 1675 utique
1007 1617 1042 1656 ea

138 1677 191 1738 bic
212 1678 303 1738 hodie
323 1677 486 1738 rectissime
507 1677 664 1739 intellecta
684 1686 763 1749 sunt,
779 1676 841 1736 illis
862 1676 979 1756 legibus
993 1699 1043 1756 po·

139 1757 232 1838 pulus
254 1758 411 1818 Romanus
425 1757 510 1838 prior
523 1779 584 1818 non
599 1759 727 1818 deficiet.
769 1757 801 1818 Si
823 1758 906 1836 prior
927 1757 1043 1818 defexit

139 1839 265 1918 publico
291 1838 416 1898 consilio
442 1838 511 1898 dolo
536 1838 627 1911 malo,
649 1847 715 1898 tum
737 1837 791 1897 illo
813 1839 870 1911 die,
888 1837 1042 1917 Juppiter,

138 1919 289 1999 populum
312 1919 486 1979 Romanum
508 1917 551 1978 sic
573 1919 671 1991 ferito,
686 1927 722 1979 ut
743 1939 798 1996 ego
817 1918 898 1978 hunc
917 1939 1042 1998 porcum
1057 1922 1096 1984 20

139 1999 191 2060 hic
205 1999 297 2059 hodie
310 1999 428 2072 feriam,
437 2008 583 2078 tantoque
598 2001 694 2078 magis
708 1999 806 2070 ferit0,
817 2009 932 2078 quanto
947 1999 1043 2077 magis

139 2090 225 2160 potes
245 2079 428 2158 pellesque.''
471 2079 509 2138 ld
530 2079 583 2140 ubi
606 2081 695 2152 dixit,
717 2099 842 2157 porcum
863 2100 936 2139 saxo
957 2080 1043 2142 silice

138 2161 296 2239 percussit.
338 2159 400 2220 Sua
422 2160 495 2220 item
521 2161 658 2220 carmina
682 2158 800 2220 Albani
824 2180 972 2240 suumque
992 2160 1043 2238 jus

141 2241 311 2320 jurandum
332 2261 495 2320 persuum
520 2239 699 2300 dictatorem
721 2261 849 2320 auosque
874 2240 1042 2301 sacerdotes

138 2331 329 2401 peregerunt.
924 2361 927 2368 ·
1057 2325 1096 2386 25

171 2401 290 2464 rXXV.
332 2401 468 2464 Foedere
491 2402 561 2476 icto,
583 2401 738 2481 trigemini
759 2402 838 2462 sicut
859 2410 1042 2464 convenerat

138 2504 225 2543 arma
253 2483 387 2562 capiunt.
443 2483 522 2544 Cum
549 2483 597 2543 sui
624 2493 768 2561 utrosque
795 2483 1041 2557 adhortarentur,

138 2564 209 2624 deos
230 2565 353 2643 patrios,
375 2566 507 2642 patriam
529 2584 565 2623 ac
585 2573 734 2642 parentes,
756 2563 905 2642 quidquid
927 2564 1041 2624 civium

139 2644 230 2717 domi,
254 2645 404 2723 quidquid
426 2646 459 2703 in
481 2643 618 2704 exercitu
640 2644 688 2716 sit,
703 2643 827 2703 illorum
849 2652 923 2704 tunc
946 2664 1041 2716 arma,

138 2724 262 2784 illorum
277 2724 397 2783 intueri
418 2745 535 2797 manus,
557 2725 669 2784 feroces
689 2733 719 2784 et
739 2733 845 2802 suopte
866 2723 987 2802 ingenio
1010 2733 1041 2786 et
1055 2726 1095 2788 30

137 2805 223 2885 pleni
243 2804 474 2865 adhortantium
494 2805 631 2879 vocibus,
653 2805 684 2864 in
705 2804 840 2863 medium
861 2805 942 2864 inter
964 2805 1040 2865 duas

138 2887 217 2945 acies
238 2885 415 2964 procedunt.
458 2884 664 2946 Consederant
685 2885 838 2962 utrimque
858 2905 914 2964 pro
935 2885 1040 2945 castris

137 2966 373 3038 duo-exercitus,
388 2965 516 3045 periculi
537 2966 634 3043 magis
655 2965 821 3044 praesentis
840 2986 931 3043 quam
950 2985 1041 3025 curae

137 3056 295 3125 expertes3
317 3047 614 3124 quippe-imperium
641 3044 797 3123 agebatur,
821 3045 853 3103 in
878 3054 942 3106 tam
967 3066 1040 3125 pau-

137 3146 242 3186 corum
263 3126 378 3187 virtute
399 3136 491 3201 atque
512 3125 635 3185 fortuna
655 3125 796 3203 positum.
838 3125 948 3204 Itaque
969 3147 1040 3204 ergo
1055 3127 1093 3187 35

137 3207 229 3266 erecti
256 3207 452 3285 suspensique
476 3206 509 3264 in
534 3205 659 3264 minime
682 3215 804 3284 gratum
832 3205 1039 3285 spectaculum

136 3287 239 3346 animo
259 3286 469 3346 intenduntur.

175 3363 279 3426 Datur
292 3367 423 3445 signum,
437 3365 614 3444 infestisque
634 3365 735 3436 armis,
749 3364 835 3424 velut
856 3363 945 3434 acies,
959 3364 1039 3422 terni

136 3448 274 3527 juvenes,
285 3465 467 3526 magnorum
478 3447 668 3506 exercituum
682 3444 800 3503 animos
813 3450 959 3520 gerentes,
970 3461 1038 3502 cou-
