2520 3784
187 229 231 296 ·78
355 249 445 296 urar
466 248 569 298 nivi
596 249 652 296 AB
678 249 794 300 vasa
818 249 1005 300 cosmus

240 406 313 467 titas
334 405 450 466 incitat.
492 405 535 466 Et
553 416 617 467 tum
635 407 759 487 quidem
780 408 820 469 ab
836 419 985 470 nocturno
1001 411 1147 492 juvenali

239 487 313 547 ludo
328 488 359 545 in
375 495 473 546 castra
487 488 624 548 redeunt.

281 566 404 628 LVIII.
447 566 557 628 Paucis
571 569 736 649 interjectis
747 569 853 629 diebus
864 570 934 630 Sex,
946 570 1145 650 Tarquinius,

239 648 334 708 inscio
360 647 522 719 Collatiae,
546 669 616 708 cum
641 649 752 709 comite
776 671 838 710 uuo
861 650 1025 711 Collatiam
1048 654 1144 713 venit

207 727 303 790 tubi
327 737 471 806 exceptus
493 728 623 807 benigne
645 729 685 788 ab
707 729 822 809 ignaris
845 731 974 804 consilii,
990 752 1060 791 cum
1076 742 1146 811 post

238 827 346 868 cenam
361 809 392 867 in
408 809 559 887 hospitale
573 808 749 870 cubiculum
769 810 918 870 deductus
939 822 1023 885 esset,
1039 833 1144 873 amore

238 889 357 963 ardens,
379 897 537 967 postquam
566 890 638 950 satis
663 899 732 950 tuta
757 891 838 950 circa
866 891 956 970 sopiti
979 912 1016 952 ue
1039 913 1143 952 omues

238 969 431 1042 videbantur,
446 969 550 1030 stricto
567 970 671 1048 gladio
690 970 730 1030 ad
749 970 950 1032 dormientem
994 973 1142 1032 uoretiam

238 1050 332 1123 venit,
351 1050 535 1129 sinistraque
563 1070 656 1111 manu
684 1050 819 1112 mulieris
849 1061 969 1130 pectore
989 1073 1140 1132 oppresso,

186 1131 225 1194 10
239 1133 257 1161 ‘⁸
267 1139 342 1203 tuoe,
358 1130 531 1203 Lucretia,''
547 1131 656 1210 inquit,
673 1136 690 1162 “
700 1130 770 1192 Sex.
786 1129 971 1210 Tarquinius
985 1154 1069 1205 sum;
1084 1133 1142 1193 fer·

237 1231 306 1271 rum
321 1212 352 1271 in
368 1231 461 1270 manu
476 1221 538 1284 est,
553 1213 689 1285 moriere,
701 1213 726 1272 si
741 1212 875 1272 emiseris
886 1213 1019 1274 vocem.''
1061 1213 1139 1273 Cum

237 1292 351 1371 pavida
364 1312 404 1351 ex
417 1312 521 1352 somno
536 1292 647 1351 mulier
660 1291 776 1352 nullam
792 1313 889 1370 opem,
905 1294 1139 1374 prope'mortem

237 1373 434 1432 inminentem
449 1372 576 1446 videret,
595 1381 659 1432 tum
678 1372 863 1451 Tarquinius
884 1374 980 1441 fateri·
990 1393 1139 1452 amorem,

237 1473 332 1525 orare,
343 1454 467 1514 miscere
478 1454 618 1532 precibus
630 1454 866 1525 minas,·versare
876 1454 908 1512 in
920 1465 1022 1514 omnes
1036 1465 1139 1534 partes

185 1537 222 1598 15
237 1533 415 1594 muliebrem
430 1534 575 1594 animum,
617 1533 682 1595 Ubi
703 1534 886 1594 obstinatam
902 1534 1026 1595 videbat
1047 1546 1078 1595 et
1098 1555 1137 1595 ne

236 1616 342 1676 martis
356 1615 479 1694 quidem
495 1624 577 1675 metu
591 1615 746 1687 inclinari,
761 1615 849 1674 addit
865 1615 904 1673 ad
920 1626 1034 1675 metum
1050 1615 1139 1676 dede·

237 1715 305 1756 cus:
327 1717 396 1756 oum
420 1705 541 1756 mortua
563 1696 741 1775 jugulatum
769 1714 891 1755 servum
919 1696 1035 1755 nudum
1060 1697 1138 1774 posi-

235 1785 339 1837 turum
365 1778 416 1849 ait,
440 1788 475 1836 ut
500 1777 531 1835 in
554 1776 675 1836 sordido
699 1775 850 1836 adulterio
875 1783 983 1836 necata
1007 1776 1136 1836 dicatur.

236 1857 306 1934 Quo
330 1867 443 1918 terrore
465 1877 534 1916 oum
550 1855 672 1918 vicisset
692 1855 876 1916 obstinatam
891 1856 1072 1934 pudicitiam
1086 1877 1136 1916 ve·

182 1939 221 2001 20
237 1939 284 1998 lut
294 1937 406 1998 victrix
420 1937 523 2010 libido,
530 1937 741 2016 profectusque
762 1936 832 1995 inde
854 1934 1036 2014 Tarquinius
1050 1936 1136 1996 ferox

234 2028 410 2098 expugnato
438 2018 544 2079 decore
573 2017 714 2078 muliebri
742 2025 826 2088 esset,
849 2016 994 2076 Lucretia
1021 2027 1137 2076 maesta

234 2109 320 2159 tanto
349 2099 430 2159 malo
459 2099 601 2158 nuntium
634 2099 765 2159 Romam
793 2097 922 2156 eundern
950 2097 989 2156 ad
1018 2105 1135 2176 patrem

234 2180 430 2260 Ardeamque
457 2180 496 2240 ad
523 2181 623 2241 virum
648 2179 803 2250 mittitur
825 2197 893 2237 oum
916 2177 1135 2254 singulisfide·

234 2259 314 2320 libus
342 2260 445 2320 amicis
473 2261 616 2331 veniant;
637 2261 681 2320 ita
710 2259 790 2318 factu
819 2268 1031 2336 maturatoque
1060 2278 1135 2337 opus

180 2341 221 2401 25
233 2361 312 2413 esse;
334 2361 396 2400 rem
418 2350 550 2401 atrocem
571 2340 720 2400 incidisse.

273 2420 400 2560 Spurius
425 2421 586 2482 Lucretius
611 2440 681 2480 cum
706 2419 740 2479 P.
766 2417 902 2490 Valerio,
927 2417 1034 2478 Volesi
1059 2417 1132 2489 filio,

232 2500 288 2561 Col
303 2503 404 2562 atinus
418 2522 487 2561 oum
503 2501 538 2562 L.
554 2501 650 2562 ,lunio
666 2500 763 2560 Bruto
779 2500 872 2570 veuit,
888 2518 955 2558 cum
978 2519 1038 2576 quo
1059 2498 1135 2558 lirrte

233 2581 363 2642 Romam
393 2582 511 2642 rediens
539 2581 578 2641 ab
606 2580 715 2641 nuntio
739 2580 843 2638 uxoris
868 2589 933 2638 erat
958 2588 1133 2638 conventus,

233 2662 408 2722 Lucretiam
431 2663 583 2722 sedentem
601 2671 745 2721 maestam
761 2661 793 2719 in
808 2659 950 2720 cubiculo
964 2659 1134 2720 inveniunt

180 2743 220 2804 30
233 2742 379 2816 Adventu
394 2762 518 2803 suorum
533 2743 678 2802 lacrimae
693 2741 825 2811 obortae,
841 2740 1059 2818 quaerentique
1069 2741 1136 2800 viro

235 2824 340 2883 “satin
355 2823 460 2884 salve?
472 2823 489 2848 ’'
508 2828 525 2854 “
538 2823 660 2882 minime
671 2822 687 2846 ’'
704 2821 812 2900 inquit,
830 2819 929 2898 “quid
952 2821 1034 2879 enim
1055 2819 1133 2880 salvi

232 2913 277 2962 est
298 2903 417 2962 mulieri
443 2904 552 2962 amissa
577 2902 749 2981 pudicitia?
789 2899 929 2980 Vestigia
951 2900 1012 2960 viri
1031 2899 1133 2968 aliani,

233 2981 393 3055 Collatino,
409 2985 441 3041 in
457 2983 535 3043 lecto
549 2992 621 3042 sunt
635 2992 706 3053 tuo;
728 2989 859 3040 ceterum
876 2999 984 3058 corpus
1005 2989 1052 3039 est
1071 2990 1136 3039 tan-

232 3070 298 3123 tum
314 3063 472 3135 violatum,
488 3064 608 3122 animus
622 3064 740 3132 insous;
763 3077 843 3120 mors
864 3061 949 3120 testis
966 3061 1034 3120 erit.
1077 3060 1137 3120 ssu

179 3144 218 3203 35
233 3141 303 3202 date
328 3144 452 3202 dextras
477 3143 636 3221 fidemque,
655 3141 738 3200 haud
761 3142 876 3219 inpune
900 3140 1135 3200 adulterofone.

232 3221 301 3282 Sex.
325 3231 369 3298 est
391 3222 591 3302 Tarquinius,
605 3222 666 3300 qui,
690 3221 784 3281 hostis
808 3240 864 3300 pro
881 3219 1016 3297 bospite,
1037 3221 1136 3298 prime

232 3313 320 3361 nocte
337 3303 366 3362 vi
382 3313 516 3362 armatus
532 3301 606 3360 mibi
621 3301 748 3379 sibique,
759 3301 788 3360 si
803 3321 857 3359 vos
871 3299 930 3361 uiri
951 3300 1032 3372 estis,
1047 3301 1136 3378 pesti·

232 3382 329 3443 ferum
346 3382 417 3441 hinc
431 3381 564 3442 abstulit
581 3382 768 3460 gaudum*
800 3380 887 3460 Dant
898 3380 1013 3444 *ordina
1034 3399 1138 3443 oium
