2568 3782
399 245 533 293 arnna
559 245 672 314 xxrr,
701 232 831 298 32-34.
1053 231 1116 300 177

154 421 216 482 que
230 409 261 462 et
274 401 388 482 viginti
401 403 434 462 in
449 423 568 465 crucem
591 405 662 478 acti,
677 405 759 486 quod
773 407 805 466 in
822 427 929 487 campo
948 407 1063 470 Martio

156 483 383 562 conjurassent;
418 485 513 545 indici
541 485 615 546 data
642 485 769 546 libertas
797 495 827 547 et
855 489 932 548 aeris
960 489 1063 568 gravia

156 563 272 642 viginti
292 563 386 624 milia.
430 564 540 644 Legati
554 575 584 626 et
600 566 639 626 ad
655 565 836 647 Philippum
857 567 1061 630 Macedonum

156 663 261 722 regem
282 644 365 703 missi
386 645 427 704 ad
448 645 670 725 deposcendum
691 643 882 707 Demetrium
903 648 1062 724 Pharium,

158 724 212 802 qui
227 723 309 784 bello
322 725 421 786 victus
436 725 476 785 ad
490 746 557 786 eum
573 727 707 806 fugisset,
719 735 749 786 et
763 727 818 787 alii
832 728 865 787 in
880 728 1009 808 Ligures
1022 731 1062 792 ad
1097 736 1116 793 5

158 804 426 882 expostulandum,
436 806 517 886 quod
528 807 664 867 Poenum
680 806 788 885 opibus
802 808 987 890 auxiliisque
1000 811 1062 871 suis

160 883 320 962 juvissent,
335 886 427 946 simul
441 886 481 946 ad
495 887 653 948 visendum
675 907 715 946 ex
736 907 791 967 pro
814 888 845 948 in
870 909 916 963 uo,
932 909 1010 970 quae
1031 891 1063 951 in

160 963 233 1024 Bois
248 974 339 1045 atque
354 965 534 1026 Insubribus
554 975 739 1046 gererentur.
814 968 834 1028 d
847 909 979 1030 l'ineum
993 992 1064 1050 quo-

160 1065 221 1124 que
247 1065 347 1124 regem
369 1046 400 1106 in
423 1046 546 1126 Illyrios
574 1047 668 1126 legati
688 1047 772 1116 missi
800 1048 840 1109 ad
866 1050 1062 1130 stipendium,

160 1127 247 1206 cujus
268 1126 330 1186 dies
352 1127 477 1200 exierat,
499 1129 692 1206 poscendum,
708 1137 771 1203 aut,
786 1131 812 1190 si
832 1129 913 1189 diem
933 1131 1062 1210 proferri
1079 1137 1118 1200 10

160 1206 263 1278 vellet,
275 1205 392 1266 obsides
406 1207 607 1287 accipiendos.
648 1209 745 1283 Adeo,
757 1210 813 1270 etsi
827 1209 941 1270 bellum
956 1212 1064 1292 ingens

159 1287 193 1346 in
208 1286 378 1348 cervicibus
391 1295 465 1362 erat,
480 1288 596 1348 nullius
609 1309 737 1367 usquam
753 1299 902 1350 terrarum
924 1293 968 1352 rei
988 1313 1064 1354 cura

160 1368 323 1441 Romanoa,
339 1389 376 1428 ne
397 1368 581 1448 longinquae
603 1369 734 1447 quidem,
749 1370 919 1448 effugiebat.
962 1372 1001 1432 In
1020 1394 1064 1433 re·

159 1449 304 1528 ligioncm
326 1450 416 1509 etiam
437 1450 532 1522 venit,
553 1449 657 1509 aedem
680 1449 875 1522 Concordiae,
897 1472 988 1530 quam
1010 1473 1064 1532 per

158 1529 338 1590 seditionem
352 1529 515 1591 militarem
528 1529 651 1590 biennio
665 1539 736 1590 ante
747 1529 783 1590 Ir.
796 1529 931 1592 Manlius
941 1543 1064 1610 praetor
1079 1539 1117 1600 15

159 1611 193 1670 in
213 1609 319 1672 Gallia
333 1610 473 1682 vovisset,
489 1610 621 1670 locatam
645 1610 685 1670 ad
711 1609 743 1669 id
768 1619 887 1690 tempus
908 1632 969 1673 non
990 1633 1060 1674 esse.

160 1691 270 1770 Itaque
294 1690 450 1750 duumviri
476 1691 514 1750 ad
541 1711 608 1751 eam
628 1709 693 1750 rem
714 1690 809 1750 creati
829 1711 848 1750 a
869 1691 913 1752 M.
929 1692 1063 1754 Aemilio

159 1781 299 1851 praetore
314 1771 439 1843 urbano,
455 1770 489 1831 C.
504 1770 621 1850 Pupius
642 1780 672 1830 et
693 1769 787 1830 Caeso
809 1770 974 1847 Quinctius
991 1773 1064 1834 Fla·

159 1853 303 1924 mininus,
318 1851 423 1911 aedem
439 1851 470 1910 in
486 1871 555 1910 arce
570 1850 742 1910 faciendam
756 1851 943 1913 locaverunt.

200 1931 252 1992 Ab
267 1932 372 1991 eodem
386 1941 524 2010 praetore
539 1951 578 1990 ex
591 1939 713 1990 senatus
727 1931 865 1992 consulto
879 1931 1001 1994 litterae
1021 1934 1061 1995 ad
1077 1940 1117 2002 20

159 2011 297 2074 consules
319 2012 435 2085 missae,
449 2020 493 2084 ut,
508 2011 532 2070 si
554 2011 590 2070 iis
611 2010 775 2085 videretur,
797 2011 876 2072 alter
896 2033 1001 2073 eorum
1021 2015 1061 2075 ad

159 2093 297 2154 consules
319 2091 463 2152 creandos
486 2092 619 2152 Romam
630 2090 766 2164 veniret;
787 2111 818 2152 se
839 2093 872 2152 in
893 2113 961 2156 eam
981 2094 1062 2155 diem

158 2193 251 2253 quam
269 2172 427 2252 jussissent
444 2172 568 2232 comitia
581 2171 761 2232 edicturum.
804 2172 856 2232 Ad
870 2173 946 2234 haec
960 2194 979 2234 a
994 2196 1061 2235 con·

158 2253 276 2314 sulibus
309 2252 496 2330 rescriptum,
527 2251 609 2312 ‘sine
637 2252 819 2313 detrimento
847 2254 890 2312 rei
918 2253 1061 2333 publicae

158 2333 282 2393 abscedi
302 2353 363 2392 non
384 2352 469 2412 posse
489 2332 529 2392 ab
551 2333 654 2404 hoste;
682 2333 786 2410 itaque
805 2353 860 2411 per
881 2334 1062 2414 interregem
1077 2341 1116 2402 25

158 2414 283 2474 comitia
295 2413 436 2473 habenda
447 2433 508 2473 esse
522 2413 622 2491 potius
633 2433 725 2491 quam
736 2413 840 2473 consul
855 2413 934 2474 alter
947 2435 966 2474 a
979 2415 1062 2476 bello

157 2493 357 2555 avocaretur!
400 2492 543 2554 Patribus
557 2492 668 2552 rectius
679 2493 777 2553 visum
793 2501 837 2553 est
850 2494 1029 2556 dictatorem
1043 2516 1064 2557 a

157 2573 282 2635 consule
296 2573 358 2634 dici
373 2573 565 2634 comitiorum
579 2572 789 2633 habendorum
810 2594 910 2637 causa.
952 2575 1062 2638 Dictus

157 2654 194 2715 L.
216 2654 365 2717 Veturius
386 2653 477 2714 Philo
497 2653 551 2714 M?
573 2653 777 2732 Pomponium
798 2653 978 2716 Mathonem
999 2677 1061 2717 ma-

156 2736 287 2815 gistrum
302 2735 437 2814 equitum
453 2734 542 2794 dixit.
585 2733 628 2793 Iis
638 2733 714 2796 vitio
729 2734 839 2794 creatis
848 2735 999 2815 jussisque
1013 2737 1062 2796 die
1077 2742 1116 2804 30

156 2825 267 2896 quarto
278 2815 395 2876 decimo
404 2835 436 2874 se
446 2814 627 2894 magistratu
638 2813 789 2888 abdicare,
800 2814 840 2874 ad
854 2817 1061 2896 interregnum

156 2918 202 2959 res
217 2897 318 2958 rediit.

196 2975 360 3038 XXXIV.
403 2974 585 3035 Consulibus
599 2983 796 3053 prorogatum
817 2975 850 3034 in
871 2997 985 3036 annum
1006 2979 1061 3037 im-

156 3059 285 3137 perium.
327 3056 497 3133 Interreges
517 3054 632 3134 proditi
656 3075 675 3114 a
699 3054 838 3133 patribus
859 3053 892 3116 C.
915 3056 1062 3118 Claudius

156 3139 242 3216 Appi
271 3136 352 3196 filius
380 3135 507 3208 Centho,
532 3136 603 3194 inde
631 3133 665 3196 P.
695 3134 854 3195 Cornelius
874 3136 981 3197 Asina.
1024 3138 1116 3201 11135

156 3219 225 3297 ejus·
249 3219 422 3295 interregno
453 3216 577 3277 comitia
608 3214 716 3274 habita
751 3235 864 3294 magno
898 3219 1062 3278 certamine

156 3310 279 3377 patrum
304 3307 340 3358 ac
365 3297 470 3376 plebis.
513 3296 546 3356 C.
572 3295 714 3355 Terentio
735 3294 881 3368 Varroni,
903 3317 993 3375 quem
1014 3299 1061 3357 sui

176 3379 274 3440 eneris
288 3379 452 3448 hominem,
468 3377 550 3456 plebi
571 3375 767 3456 insectatione
782 3375 954 3452 principum
970 3396 1062 3453 popu-

154 3398 334 3538 laribusque
348 3457 466 3517 artibus
481 3455 688 3525 conciliatum,
703 3452 742 3511 ab
758 3453 797 3527 Q.
814 3452 892 3511 Fabi
907 3453 1016 3530 opibus
1027 3464 1064 3534 ,qt

257 3553 418 3615 12-Liv5.
