2562 3788
425 278 558 326 Mena
582 279 642 344 rx,
670 261 798 326 18-19.
1059 263 1120 330 211

159 447 217 500 aut
241 439 353 499 fractos
379 435 459 496 bello
481 435 644 498 invenisset
664 434 772 496 hostes.
814 433 884 515 lpse
904 436 1069 516 trajecisset

162 541 245 581 mare
267 540 336 579 cum
351 517 503 579 veteranis
524 517 751 590 Macedonibus,
770 536 832 576 nou
852 516 921 596 plus
941 518 1069 598 triginta

161 601 286 660 milibus
301 599 467 671 hominum,
483 606 671 676 etquattuor
685 596 808 657 milibus
823 597 968 676 equitum,
984 619 1068 658 max-

161 683 221 740 ime
245 680 475 751 Thessalorum
507 678 564 738 hoc
588 679 669 738 enim
697 677 813 737 roboris
836 686 910 738 erat.
952 678 1068 753 Persas,

161 759 263 836 Indos,
278 760 414 840 aliasque
435 760 460 819 si
481 759 670 838 adjunxisset
690 767 803 837 gentes,
825 757 1068 836 inpedimentum
1100 761 1121 824 δ

161 843 258 921 majus
273 862 365 921 quam
386 840 538 900 auxilium
561 839 703 900 traheret.
744 838 846 911 Adde,
861 839 942 918 quod
956 839 1067 901 Roma·

159 922 207 982 nis
221 923 260 982 ad
276 942 399 982 manum
414 921 498 981 domi
511 920 756 1000 supplementum
778 929 862 993 esset,
876 919 1066 994 Alexandro,

160 1003 241 1080 quod
252 1012 356 1081 postea
368 1001 540 1062 Hannibali
554 1000 676 1073 accidit,
689 1000 789 1060 alieno
804 1001 835 1059 in
850 1021 923 1079 agro
939 1001 1067 1062 bellanti

160 1084 311 1143 exercitus
322 1083 531 1144 consenuisset,
574 1081 683 1154 Arma,
694 1081 795 1160 clupei
809 1082 979 1160 sarisaeque
988 1081 1065 1156 illis;

160 1161 300 1224 Romano
310 1174 440 1236 scutum,
452 1164 549 1242 majus
561 1163 679 1241 corpori
690 1171 907 1240 tegumentum,
917 1171 947 1222 et
957 1161 1064 1241 pilum,
1080 1165 1120 1230 10

159 1243 242 1303 hand
266 1243 360 1322 paulo
381 1264 473 1323 quam
494 1244 582 1303 hasta
603 1242 809 1303 vehementius
830 1243 894 1302 ictu
914 1243 1066 1322 missuque

158 1324 263 1384 telum.
305 1323 455 1385 Statarius
471 1333 597 1403 uterquc
611 1324 706 1395 miles,
721 1321 840 1382 ordines
854 1343 991 1398 servans;
1012 1323 1065 1384 sed

157 1403 213 1464 illa
241 1404 378 1483 phalanx
406 1405 571 1466 immobilis
599 1414 629 1464 et
656 1405 746 1464 unius
773 1403 899 1482 generis,
923 1403 1065 1464 Romana

156 1485 236 1545 acies
251 1485 430 1559 distinctior,
443 1506 482 1545 ex
496 1484 636 1565 pluribus
651 1484 791 1566 partibus
806 1492 954 1556 constans,
965 1483 1064 1545 facilis

155 1566 311 1643 partienti,
341 1585 532 1646 quacumque
561 1585 636 1644 opus
671 1574 754 1638 esset,
782 1564 883 1624 facilis
910 1565 1062 1644 jungenti.
1078 1569 1117 1630 15

155 1645 229 1706 dam
243 1647 276 1704 in
291 1665 380 1725 opere
394 1647 460 1725 quis
485 1668 543 1726 par
566 1646 706 1706 Romano
729 1646 836 1705 miles?
857 1645 924 1724 quis
938 1645 978 1705 ad
992 1645 1064 1706 tole·

155 1726 287 1786 randum
306 1726 440 1787 laborem
461 1727 589 1788 melior?
633 1726 704 1788 Uno
727 1726 840 1806 proelio
854 1726 954 1787 victus
967 1724 1063 1786 Alex-

153 1807 249 1866 ander
269 1806 349 1868 bello
364 1809 463 1869 victus
477 1818 572 1881 esset‘;
596 1808 781 1881 Romanum,
796 1827 885 1886 quem
901 1805 1062 1880 Gaudium,

135 1906 244 1964 quern
268 1886 392 1948 Cannae
415 1908 477 1948 non
504 1889 670 1968 fregerunt,
693 1908 771 1967 quae
799 1888 934 1966 fregisset
962 1887 1063 1947 acies?

152 1966 200 2026 Ne
225 1967 279 2026 ille
302 1988 400 2046 saepe,
422 1970 514 2029 etiam
540 1971 567 2028 si
592 1969 692 2048 prima
718 1989 859 2048 prospere
883 1968 1060 2042 evenissent,
1076 1971 1116 2033 20

152 2045 259 2107 Persas
274 2056 304 2108 et
318 2047 411 2109 Indos
424 2059 456 2110 et
469 2049 615 2110 inbellem
632 2049 740 2109 Asiam
755 2048 926 2128 quaesisset,
941 2058 971 2109 et
991 2068 1061 2108 cum

151 2127 273 2188 feminis
287 2127 345 2188 sibi
359 2128 473 2190 bellum
488 2129 580 2190 fuisse
596 2131 731 2202 dixisset,
747 2129 828 2208 quod
849 2129 939 2208 Epiri
959 2148 1061 2207 regem

151 2207 377 2283 Alexandrum,
391 2211 547 2271 mortifero
560 2210 687 2272 vulnere
702 2211 807 2284 ictum,
823 2210 935 2270 dixisse
949 2210 1060 2283 ferunt,

150 2297 261 2348 sortem
276 2288 424 2350 bellorum
439 2291 472 2350 in
487 2290 563 2352 Asia
579 2302 731 2371 gestorum
747 2292 785 2352 ab
800 2291 858 2352 hoc
873 2292 937 2371 ipso
947 2291 1061 2372 juvene

150 2388 221 2428 cum
248 2389 304 2429 sua
331 2371 543 2432 conferentem.
569 2396 572 2400 ·
596 2372 757 2452 Equidem,
786 2392 856 2434 cum
885 2393 938 2453 per
965 2391 1060 2432 annos
1075 2374 1114 2436 25

150 2457 295 2526 quattuor
309 2459 339 2510 et
349 2451 460 2530 viginti
476 2453 574 2531 primo
588 2453 705 2515 Punico
717 2453 798 2515 bello
810 2453 955 2514 classibus
966 2462 1061 2514 certa-

149 2537 215 2589 tum
241 2550 309 2589 cum
334 2530 444 2592 Poenis
472 2534 622 2609 recordor,
646 2535 701 2597 vix
730 2545 861 2596 aetatem
885 2534 1060 2595 Alexandri

148 2609 344 2671 suffecturam
355 2611 446 2672 fuisse
460 2635 528 2674 reor
542 2615 582 2675 ad
598 2635 693 2676 unum
709 2616 833 2677 bellum.
869 2616 911 2678 Et
922 2616 1058 2689 forsitan,

149 2708 220 2748 cum
231 2700 261 2750 et
269 2690 440 2754 foederibus
452 2698 578 2757 vetustis
588 2697 697 2778 juncta
712 2718 758 2758 res
768 2697 887 2758 Punica
902 2697 1059 2758 Romanae

148 2778 233 2842 esset,
249 2780 279 2864 et
292 2771 384 2833 timor
404 2795 461 2854 par
482 2777 626 2840 adversus
647 2798 838 2839 communem
852 2779 968 2840 hostem
982 2777 1058 2838 duas
1072 2778 1112 2840 30

148 2853 386 2928 potentissimas·
400 2857 491 2918 armis
517 2859 651 2938 virisque
680 2859 769 2920 urbes
797 2868 938 2932 armaret,
966 2857 1058 2919 simul

149 2929 267 2992 Punico
282 2933 481 3016 Romanoque
496 2938 623 2999 obrutus
639 2938 719 3000 bello
730 2949 813 3001 esset
848 2939 918 3000 Non
935 2939 1057 3018 quidem

148 3009 330 3105 Alexandro
352 3016 429 3076 duce
451 3039 505 3078 nec
527 3019 653 3098 integris
674 3020 877 3081 Macedonum
892 3019 990 3094 rebus,
1004 3019 1057 3080 sed

148 3102 268 3171 experti
290 3105 392 3156 tamen
415 3107 486 3158 sunt
507 3099 640 3160 Romani
662 3100 860 3161 Macedonem
875 3101 991 3162 hostem
1005 3099 1056 3160 ad·

148 3192 252 3233 versus
281 3176 480 3251 Antiochum,
510 3179 700 3259 Philippum,
729 3181 849 3254 Persen,
878 3201 938 3240 non
967 3180 1056 3240 modo
1071 3179 1110 3242 35

148 3273 218 3312 cum
244 3256 332 3316 clade
358 3257 431 3332 ulla,
453 3258 503 3319 sed
529 3279 568 3320 ne
592 3281 662 3320 cum
686 3261 821 3340 periculo
846 3261 968 3340 quidem
992 3280 1055 3321 suo.

148 3333 241 3394 Absit
263 3337 381 3398 invidia
402 3338 495 3401 verbo
520 3349 551 3400 et
574 3341 680 3402 civilia
702 3341 783 3401 bella
803 3341 929 3414 sileant;
956 3342 1057 3416 [uum-

148 3425 241 3502 quam
256 3416 295 3476 ab
311 3419 412 3496 equite
425 3419 534 3496 hoste]
550 3440 717 3499 numquam
732 3440 750 3480 a
765 3420 874 3499 pedite,
888 3439 1057 3498 numquam

147 3507 255 3576 aperta
266 3496 340 3571 acie,
352 3518 519 3579 numquam
531 3500 644 3578 aequis,
653 3501 759 3579 utique
769 3518 936 3578 numquam
946 3498 1056 3559 nostris
