2568 3782
411 237 542 284 masa
567 237 659 304 xxi,
687 219 819 284 38-40.
1054 219 1118 286 117

168 339 172 346 .
501 279 594 353 isaac(
603 303 671 349 clatra
690 310 727 372 ,μδ

156 393 302 475 squalida
326 401 357 454 et
381 413 475 472 prope
499 393 628 464 elimam
650 411 776 472 corpora
801 391 885 454 varie
913 391 1065 454 movebat.

158 477 207 536 Ea
221 475 257 536 P.
273 473 416 535 Cornelio
431 473 546 534 consuli
562 493 652 532 causa
666 473 734 544 fuit,
750 493 819 532 cum
836 472 921 532 Pisas
936 472 1067 534 navibus

159 558 302 628 venisset,
317 555 453 614 exercitu
472 573 490 612 a
508 553 628 612 Manlio
642 552 802 632 Atilioque
822 561 948 630 accepto
969 553 1067 614 tirone

159 646 190 696 et
204 637 235 695 in
251 636 340 695 novis
355 633 529 713 ignominiis
544 633 671 711 trepido,
686 633 725 692 ad
748 631 867 692 Padum
891 633 1066 706 festinandi,

161 727 195 776 ut
209 735 280 776 cum
296 715 381 774 hoste
395 709 529 774 nondhm
546 715 657 772 refecto
669 733 776 772 manus
788 723 966 774 consereret.
1008 713 1066 774 Sed
1102 714 1122 772 5

161 817 230 856 cum
243 794 434 855 Placentiam
446 794 547 854 consul
561 794 654 864 venit,
666 793 731 872 jam
747 813 785 852 ex
801 793 921 854 stativis
932 804 1068 856 moverat

161 874 334 948 Hannibal,
348 874 610 952 Taurinorumque
625 893 718 932 unam
734 872 850 952 urbem,
865 876 1068 954 eaputgentis

159 953 231 1031 ejus,
253 953 326 1030 quia
352 951 481 1012 volentis
509 953 541 1012 in
569 953 734 1013 amicitiam
762 975 823 1014 non
843 955 1013 1027 veniebant,
1034 957 1065 1018 vi

159 1040 368 1112 expugnarat;
404 1039 429 1092 et
451 1031 603 1110 junxisset
622 1033 680 1093 sibi
701 1055 762 1094 non
783 1043 866 1094 metu
887 1035 993 1108 solum,
1014 1037 1064 1096 sed

159 1114 252 1174 etiam
268 1111 436 1184 voluntate,
451 1111 559 1173 Gallos
573 1110 693 1171 accolas
709 1111 797 1184 Padi,
813 1113 845 1172 ni
866 1133 915 1174 eos
936 1115 1064 1174 circum·
1081 1115 1119 1178 10

158 1193 325 1274 spectantis
345 1192 521 1253 defectionis
542 1200 661 1270 tempus
682 1191 783 1253 subito
804 1193 937 1254 adventu
960 1195 1064 1255 consul

12 1273 369 1357 fsmrhoppressisset}
405 1271 447 1332 Et
466 1269 638 1332 'Hannibal
668 1273 765 1334 movit
789 1293 827 1333 ex
852 1273 1002 1348 Taurinis,
1022 1276 1066 1334 in-

160 1365 266 1426 certos,
281 1373 359 1432 quae
379 1373 449 1432 pars
471 1352 624 1431 sequenda
646 1361 730 1426 esset,
751 1351 858 1414 Gallos
879 1365 1066 1434 praesentem

159 1445 314 1496 secuturos
335 1453 398 1493 esse
419 1441 511 1504 ratus.
555 1432 628 1494 Jam
644 1453 737 1512 prope
752 1433 784 1492 in
799 1445 960 1514 conspectu
979 1445 1067 1496 erant

143 1571 146 1574 .
160 1515 322 1586 exercitae,
339 1521 604 1592 convenerantque
620 1513 719 1586 duces,
734 1514 826 1590 ΨΒ
843 1515 922 1574 inter
942 1536 973 1575 se
994 1537 1065 1576 non·
1082 1517 1158 1578 150·
1180 1519 1186 1555 ἱ
1206 1515 1248 1566 Ξῖλ

161 1595 233 1656 dum
249 1594 322 1654 satis
337 1593 410 1666 noti,
426 1594 471 1670 ita
488 1595 554 1672 jam
575 1593 700 1656 inbutus
721 1602 848 1672 uterque
865 1595 997 1673 quadam
1015 1597 1065 1655 ad·
1092 1617 1113 1688 -s
1132 1615 1142 1640 r
1160 1600 1200 1646 ἐν’

160 1675 324 1736 miratione
347 1673 480 1734 alterius.
523 1673 604 1733 Nam
630 1682 660 1734 et
685 1673 872 1735 Hannibalis
897 1676 979 1754 apud
1006 1677 1089 1748 aa,

161 1777 266 1816 manos
297 1755 362 1834 jam
399 1761 470 1814 ente
498 1753 627 1832 Sagunti
656 1755 809 1814 excidium
839 1755 1065 1816 celeberrimum
1095 1789 1124 1816 aa

161 1857 271 1898 nomen
300 1845 374 1908 erat,
401 1844 431 1895 et
455 1834 625 1914 Scipionem
652 1833 812 1894 Hannibal
834 1855 868 1896 ec
890 1836 963 1915 ipse,
984 1837 1089 1915 quod,

161 1917 308 1979 adversus
322 1937 353 1976 se
367 1916 431 1975 dux
448 1915 637 1994 prfflssimum
652 1914 748 1974 lectus
762 1924 846 1988 esset,
862 1921 1068 1994 praestantem
1078 1914 1120 1980 ‘20

162 1999 263 2060 virum
293 1995 452 2076 credebam
483 2004 513 2055 et
540 1998 700 2056 auxerant
720 1995 799 2056 inter
825 2016 856 2056 se
883 1987 1064 2076 opinionem,

161 2079 285 2160 Scipio,
301 2077 390 2158 quod,
418 2075 541 2137 relictus
570 2076 602 2134 in
630 2074 743 2148 Gallia,
771 2075 878 2160 obuius
906 2077 1006 2137 fuerat
1033 2077 1066 2138 in

159 2161 284 2220 Italiam
312 2168 495 2237 transgresso
524 2157 703 2229 Hannibali,
725 2157 885 2216 Hannibal
901 2165 931 2216 et
955 2147 1065 2217 coriatu

159 2250 223 2300 tam
238 2239 347 2300 audaci
362 2239 596 2298 traiciendarum
611 2237 740 2316 Alpium
756 2248 785 2296 st
799 2237 924 2298 effectus

200 2317 373 2397 Occupavit
402 2323 504 2376 tamen
533 2317 635 2392 Scipio
663 2316 783 2375 Padum
809 2317 943 2389 traicere,
969 2325 999 2378 et
1022 2319 1061 2379 ad
1078 2322 1116 2383 25

159 2397 301 2460 Ticinum
327 2417 447 2458 amnem
473 2395 562 2454 motis
587 2396 700 2467 castris,
722 2395 898 2474 priusquam
923 2397 1064 2460 educeret

159 2479 191 2539 in
214 2480 320 2550 aciem,
336 2475 595 2538 adhortandorum
619 2474 752 2535 militum
773 2496 864 2536 causa
885 2476 977 2538 talem
999 2499 1063 2540 ora·

159 2560 273 2621 tionem
288 2568 332 2620 est
346 2577 487 2619 exorsus:

199 2639 271 2700 XL.
323 2639 380 2698 “Si
405 2658 473 2697 eum
500 2636 676 2708 exercitum,
701 2635 822 2708 milites,
847 2635 1005 2698 educerem
1029 2639 1061 2700 in

159 2721 265 2792 aciem,
281 2739 370 2798 quem
391 2719 423 2776 in
445 2715 550 2794 Gallia
572 2719 690 2776 mecum
713 2715 817 2788 habui,
831 2720 1060 2796 supersedissem
1076 2722 1116 2784 30

159 2799 244 2878 loqui
259 2800 341 2878 apud
356 2819 425 2868 vos;
448 2797 522 2876 quid
537 2797 617 2856 enim
633 2796 791 2856 adhortari
806 2798 931 2858 referret
945 2810 999 2859 aut
1013 2821 1061 2860 eos

159 2881 283 2958 equites,
294 2879 345 2958 qui
360 2879 529 2957 equitatum
546 2876 676 2935 hostium
693 2877 731 2935 ad
748 2877 933 2937 Rhodanum
949 2879 1067 2939 fiumen¹

159 2961 278 3039 egregie
293 2960 441 3030 vicissent,
453 2968 506 3016 aut
521 2977 569 3016 eas
584 2955 725 3034 legiones,
738 2977 806 3018 cum
823 2957 933 3036 quibus
947 2959 1062 3038 i'ugien·
1094 3015 1100 3022 .

159 3048 218 3100 tem
232 3041 313 3100 hunc
326 3041 425 3118 ipsum
437 3039 551 3096 hostem
567 3047 686 3096 secutus
701 3037 915 3097 confessionem
929 3040 1062 3110 cedentis

159 3139 195 3180 ac
210 3119 408 3180 detractantis
423 3127 575 3178 certamen
591 3137 644 3194 pro
661 3118 789 3176 victoria
810 3117 925 3186 habui?
937 3117 1060 3192 &Nunc
1076 3119 1113 3182 35

159 3201 232 3280 quia
247 3199 299 3259 ille
314 3199 472 3270 exercitus,
489 3196 658 3275 Hispaniae
674 3198 848 3274 provinciae
862 3188 1002 3278 scriptae,
1018 3201 1060 3260 ibi

159 3299 229 3340 cum
245 3281 339 3340 fratre
353 3279 407 3340 Cn.
424 3278 564 3356 Scipione
580 3277 653 3335 meis
668 3277 811 3355 auspiciis
826 3299 887 3338 rem
903 3279 990 3358 gerit,
1007 3280 1060 3340 ubi

155 3379 228 3419 eum
243 3379 345 3438 gerere
359 3369 480 3418 senatus
495 3357 683 3435 populusque
703 3357 858 3417 Romanus
873 3359 979 3430 voluit,
995 3379 1059 3438 ege,

159 3450 195 3500 ut
207 3440 361 3502 consulem
376 3438 483 3498 ducem
498 3437 642 3496 adversus
656 3435 866 3496 Hannibalem
887 3458 923 3496 ac
944 3438 1059 3498 Poenos
