2562 3788
160 201 222 265 186
326 218 538 267 r1r1n1v1
567 219 622 266 aa
650 219 765 268 vitan
796 220 990 269 counrrn

212 373 306 436 hostis
320 395 356 436 ac
370 375 508 454 protinus
523 385 622 436 eastra
636 375 818 454 diripienda.
861 377 904 437 Et
919 377 1027 438 consul
1041 379 1124 440 alter

212 455 298 516 velut
312 475 389 515 nnus
404 455 511 515 turbae
526 456 670 516 militaris
683 469 766 528 erat;
788 457 904 518 Paulus
918 458 1011 518 etiam
1027 471 1124 539 atque

211 537 305 596 etiarn
330 535 439 608 dicere,
461 536 684 618 providendum
705 537 1013 617 praecavendumque
1038 561 1122 612 esse;

212 625 373 696 postremo,
389 634 459 674 cum
473 616 562 675 aliter
575 637 674 695 neque
687 617 867 678 seditionem
889 637 988 696 neque
1009 619 1122 680 ducem

179 695 367 757 bseditionis
390 696 538 756 sustinere
558 707 667 775 posset,
689 695 825 756 Marium
850 698 1009 760 Statilium
1035 720 1123 782 prae-

211 776 324 836 fectum
340 796 409 836 cum
424 786 526 835 turma
541 777 669 836 Lucana
686 777 881 856 exploratum
905 779 1010 841 mittit.
1056 781 1121 858 Qui

212 855 266 917 ubi
287 856 477 936 adequitavit
497 857 601 935 portis,
627 858 789 918 subsistere
814 869 904 918 extra
928 862 1122 922 munimenta

211 937 317 998 ceteris
333 937 432 1015 jussis,
448 936 511 1014 ipse
532 957 601 996 cum
624 937 748 1007 duobus
764 938 918 1018 equitibus
932 940 1053 1002 vallum
1076 943 1120 1002 in-

212 1019 314 1090 travit,
329 1017 562 1096 speculatusque
579 1019 683 1078 omnia
704 1040 774 1078 cum
796 1039 871 1079 cura
892 1022 1060 1094 renuntiat,
1076 1023 1121 1082 in-

158 1099 197 1161 10
210 1098 303 1159 sidias
323 1097 458 1179 profecto
479 1118 557 1171 esse,
579 1099 664 1177 ignes
684 1099 716 1158 in
738 1109 827 1178 parte
845 1110 1025 1173 castrorum,
1040 1122 1120 1181 quae

211 1188 317 1258 vergat
342 1178 382 1238 ad
407 1179 532 1251 hostem,
554 1181 692 1252 relictos;
722 1180 924 1242 tabernacula
951 1192 1060 1260 aperta
1089 1195 1120 1244 et

210 1261 313 1320 omnia
327 1279 398 1320 cara
413 1260 444 1318 in
460 1270 602 1338 promptu
618 1261 744 1331 relieta;
757 1271 918 1340 argentum
931 1261 1117 1340 quibusdam

209 1340 283 1401 locis
306 1350 417 1400 temere
438 1360 492 1419 per
515 1341 580 1402 vias
606 1341 691 1401 velut
719 1341 871 1421 objectum
900 1341 941 1410 ad
968 1342 1118 1421 praedam

208 1421 327 1484 vidisse.
371 1421 460 1497 Quae
481 1421 519 1480 ad
542 1422 736 1482 deterrendos
761 1443 780 1481 a
805 1421 974 1501 cupiditate
997 1424 1117 1486 animos

156 1502 351 1564 15nuutiata
373 1511 468 1574 erant,
494 1523 530 1562 ea
554 1502 769 1575 accenderunt,
790 1512 822 1562 et
846 1502 980 1563 clamore
1004 1515 1072 1564 orto
1098 1526 1117 1564 a

208 1581 367 1656 militibus,
379 1583 411 1642 ni
425 1583 545 1660 signnm
561 1582 659 1655 detur,
674 1583 740 1643 sine
754 1581 883 1643 ducibus
898 1583 1002 1656 ituros,
1018 1584 1116 1645 hand·

229 1683 361 1742 uuquam
382 1663 447 1722 dux
469 1662 583 1735 defuit;
605 1684 677 1724 nam
698 1663 853 1743 extemplo
868 1663 971 1725 Varro
991 1663 1115 1743 signum

207 1684 293 1804 dedit
306 1743 524 1823 proficiscendi.
567 1743 693 1817 Paulus,
707 1764 776 1804 oum
792 1743 820 1804 ei
834 1763 889 1804 sua
902 1754 1010 1822 sponte
1025 1765 1116 1806 eune·

207 1825 287 1884 tanti
300 1823 377 1904 pnlli
393 1844 511 1903 quoque
533 1824 666 1904 auspicio
682 1845 743 1884 non
762 1824 960 1897 addixissent,
975 1825 1115 1886 nuntiari

154 1906 194 1970 20
208 1905 274 1984 jam
303 1905 436 1966 efferenti
465 1915 554 1984 porta
582 1906 670 1984 signa
699 1905 843 1984 conlegae
866 1905 965 1983 jussit.
1020 1905 1115 1981 Quod

207 2005 393 2065 quamquam
408 1984 509 2046 Varro
529 2006 619 2064 aegre
643 1994 689 2046 est
712 2005 827 2064 passus,
849 1983 986 2043 Flamini
1009 1994 1114 2046 tamen

207 2086 309 2126 recens
324 2086 409 2126 casus
424 2065 594 2144 Claudique
616 2066 748 2127 consulis
769 2063 868 2145 primo
890 2064 1008 2124 Punico
1032 2065 1114 2126 bello

205 2157 374 2207 memorata
393 2146 513 2212 navalis
534 2146 635 2208 clades
658 2145 836 2225 religionem
854 2144 957 2205 animo
975 2145 1113 2206 incussit.

206 2227 249 2286 Di
263 2247 358 2306 prope
366 2227 429 2306 ipsi
444 2248 478 2288 eo
494 2227 543 2288 die
558 2229 655 2307 magis
670 2226 815 2288 distulere
826 2246 919 2306 quam
928 2226 1114 2304 prohibuere

153 2309 192 2370 25
206 2307 404 2368 inminentem
425 2317 538 2386 pestem
561 2308 728 2379 Romanis3
751 2327 823 2366 nam
841 2307 919 2367 forte
936 2308 981 2366 ita
1000 2309 1114 2381 evenit,

206 2398 249 2461 ut,
265 2409 333 2448 cum
350 2388 455 2448 referri
469 2389 556 2467 signa
572 2390 603 2448 in
619 2399 719 2449 eastra
729 2387 851 2467 jubenti
866 2386 983 2446 consuli
999 2386 1113 2448 milites

204 2490 266 2530 non
281 2481 430 2548 parerent,
440 2470 519 2530 servi
534 2469 604 2543 duo,
615 2469 774 2529 Formiani
790 2488 878 2539 nnus,
888 2466 966 2526 alter
981 2466 1114 2528 Sidicini

205 2551 324 2629 equitis,
349 2550 401 2628 qui
425 2549 556 2610 Servilio
585 2561 676 2629 atque
698 2550 799 2609 Atilio
827 2545 1003 2608 consulibus
1032 2547 1114 2608 inter

204 2631 399 2711 pabulatores
419 2631 540 2710 excepti
562 2651 580 2691 a
601 2631 745 2691 Numidis
766 2629 898 2701 fuerant,
913 2627 1114 2707 profugerent

151 2713 191 2774 30
205 2732 240 2773 eo
255 2711 304 2773 die
317 2712 357 2772 ad
372 2711 527 2784 domiuos;
549 2711 733 2790 deductique
748 2710 788 2770 ad
803 2708 940 2770 eonsules
955 2709 1113 2782 nuntiant,

204 2813 324 2854 omnem
338 2793 507 2852 exercitum
523 2790 710 2854 Hannibalis
725 2800 808 2852 trans
823 2790 979 2870 proximos
995 2802 1112 2852 montes

202 2874 306 2936 sedere
317 2874 351 2934 in
365 2873 492 2933 insidiis.
534 2871 861 2951 Horum-opportunus
876 2867 1027 2930 adventus
1042 2890 1111 2929 oon·

204 2954 284 3015 sules
312 2955 420 3034 imperi
448 2962 585 3034 potentes
613 2954 695 3027 fecit,
723 2972 793 3012 oum
826 2950 956 3010 ambitio
984 2948 1111 3010 alterius

202 3056 288 3098 anam
318 3035 451 3115 primum
479 3042 555 3114 aput
582 3054 632 3094 eos
660 3053 757 3113 prava
785 3030 981 3110 indulgentia
1005 3031 1115 3109 majas.

150 3115 298 3175 attalem
318 3114 464 3174 solvisset.
890 3150 892 3154 ·

244 3193 370 3252 XLIII.
412 3191 573 3252 Hannibal
591 3201 751 3270 postquam
771 3201 867 3252 motos
888 3189 987 3270 magis
1008 3188 1111 3252 incon-

202 3271 281 3331 sulte
310 3271 464 3330 Romanos
492 3291 584 3348 quam
612 3273 652 3330 ad
680 3273 825 3332 ultimum
853 3280 966 3332 temere
990 3281 1111 3333 evectos

203 3351 291 3421 vidit,
300 3352 482 3427 nequiquam
499 3350 618 3411 detecta
632 3351 740 3411 frande
754 3353 787 3410 in
802 3361 904 3411 castra
915 3350 1017 3412 rediit.
1062 3351 1115 3412 Ibi
1144 3407 1145 3410 ,

202 3427 305 3505 plures
320 3429 384 3488 dies
396 3439 520 3506 propter
534 3430 669 3510 inopiam
684 3430 838 3490 frumenti·
849 3450 979 3490 manere
994 3432 1111 3510 nequit,
