2568 3782
408 241 540 287 aruns
567 240 683 303 xxrr,
712 223 842 286 40-42.
1055 221 1118 287 185

164 399 307 462 transitio
321 408 430 479 parata
443 398 545 471 fuerit,
560 397 583 457 si
600 397 759 457 maturitas
776 405 945 475 temporum
961 415 1067 475 expec-

165 491 232 542 tata
246 482 333 541 foret.

177 577 179 580 ·
208 561 299 622 XLI.
341 559 482 620 Ceterum
494 558 656 619 temeritati
669 557 800 618 consulis
815 578 850 618 ac
864 577 1067 637 praepropero

166 642 290 720 ingenio
312 642 471 699 materiam
492 640 582 698 etiam
606 641 729 698 l'ortuna
750 638 843 710 dedit,
858 639 939 717 quod
955 639 986 698 iu
1001 658 1068 717 pro-

167 721 308 781 hibendis
331 719 563 799 praedatoribus
587 719 789 778 tumultuario
809 719 924 798 proelio
945 739 981 778 ac
1002 739 1068 798 pro·
1102 721 1121 780 5

168 823 256 862 cursu
280 801 375 880 magis
396 800 530 861 militum
552 821 642 878 quam
664 819 701 858 ex
724 812 904 878 praeparato
919 809 972 859 aut
982 799 1068 877 jussu

168 885 385 962 imperatorum
409 890 476 940 orto
504 879 740 958 haudquaquam
767 900 824 958 par
849 879 958 939 Poenis
981 879 1066 938 dimi·

168 964 248 1023 catio
269 963 337 1021 fuit
380 961 431 1019 Ad
453 959 537 1019 mille
558 970 588 1019 et
608 960 791 1038 septingenti
813 961 900 1034 caesi,
917 980 978 1019 non
998 959 1068 1039 plus

168 1052 289 1102 centum
312 1042 517 1102 Romanorum
540 1041 748 1118 sociorumque
769 1040 882 1100 occisis.
925 1040 1065 1100 Ceterum

168 1122 343 1194 victoribus,
366 1122 458 1181 effuse
482 1119 675 1200 sequentibus
700 1130 782 1181 metu
806 1121 994 1193 insidiarum,
1017 1121 1067 1181 ob·
1082 1124 1121 1185 10

166 1205 245 1263 stitit
266 1202 382 1262 Paulus
403 1201 517 1273 consul,
533 1202 618 1280 cujus
639 1221 673 1260 eo
695 1201 745 1261 die
767 1203 853 1274 (nam
869 1201 995 1260 alteruis
1013 1201 1067 1260 im-

166 1283 356 1363 peritabant)
381 1281 543 1360 imperium
567 1285 641 1354 erat,
665 1280 805 1342 Varrone
829 1281 1008 1359 indignante
1031 1303 1067 1342 ae

166 1365 359 1434 vociferante,
372 1363 527 1422 ‘emissum
540 1362 655 1422 hostem
667 1382 683 1421 e
695 1361 836 1422 manibus
850 1361 1066 1441 debellarique,

165 1447 197 1503 ni
220 1452 365 1504 cessatum
388 1443 473 1511 foret,
496 1443 645 1520 potuisse!
688 1441 848 1502 Hannibal
870 1443 900 1500 id
919 1443 1065 1501 damnum

165 1525 247 1584 haud
269 1524 433 1602 aegerrime
454 1525 517 1601 pati
529 1543 536 1594 ;
558 1523 631 1601 quiu
653 1522 753 1602 potins
775 1523 896 1582 credere
916 1523 1002 1583 velut
1023 1523 1066 1582 iu-
1081 1525 1119 1584 15

164 1613 296 1665 escatam
319 1603 518 1664 temeritatem
541 1603 695 1662 ferocioris
717 1603 847 1663 consulis
867 1623 903 1662 ac
916 1623 1063 1663 novorum

164 1685 298 1744 maxime
322 1683 455 1744 militurn
480 1704 549 1744 esse.
592 1684 634 1743 Et
655 1684 759 1742 omnia
779 1683 806 1742 ei
828 1683 959 1743 hostium
982 1684 1064 1743 haud

163 1786 248 1826 secus
266 1785 357 1843 quam
378 1783 434 1824 sna
453 1773 652 1824 nota'erant:
675 1763 834 1824 dissimiles
855 1765 1065 1844 discordesque

163 1845 347 1924 imperitare,
373 1845 448 1906 duas
472 1865 565 1924 prope
589 1855 690 1924 partes
715 1845 848 1905 tironum
874 1844 1005 1904 militurn
1031 1847 1062 1904 in

163 1925 299 1986 exercitu
310 1945 380 1985 esse.
422 1924 530 2004 Itaque
542 1925 641 1985 locum
657 1935 687 1986 et
701 1933 819 2004 tempus
830 1925 947 1985 insidiis
957 1935 1062 2004 aptum
1079 1929 1118 1991 20

162 2025 193 2066 se
214 2005 325 2066 habere
347 2015 439 2078 ratus,
461 2016 548 2066 nocte
568 2007 718 2086 proxima,
740 2005 817 2065 nihil
838 2016 958 2085 praeter
979 2027 1065 2066 arma

162 2085 277 2146 ferente
300 2107 402 2146 secum
431 2086 537 2160 milite,
562 2097 662 2146 castra
686 2087 778 2166 plena
802 2087 900 2147 omnis
924 2086 1064 2146 fortunae

162 2167 305 2248 publicae
332 2167 530 2245 privataeque
558 2166 713 2245 relinquit,
739 2176 883 2246 transque
909 2167 1064 2246 proximos

162 2249 273 2307 montis
286 2246 374 2306 laeva
384 2247 499 2324 pedites
511 2247 672 2307 instructos
687 2248 799 2319 condit,
815 2248 925 2307 dextra
938 2248 1062 2326 equites,

161 2327 379 2407 impedimenta
390 2347 443 2406 per
455 2328 624 2389 convallem
640 2328 772 2388 mediam
787 2328 931 2400 traducit,
943 2336 977 2387 ut
991 2329 1062 2387 diri·
1077 2329 1116 2389 25

160 2408 281 2487 piendis
296 2407 380 2468 velut
401 2407 525 2468 desertis
546 2409 620 2486 fuga
640 2409 831 2469 dominorum
855 2409 959 2469 castris
978 2429 1064 2468 occu·

183 2499 269 2548 atum
283 2488 513 2566 inpeditumque
527 2488 642 2549 hostem
657 2489 849 2568 opprimeret.
891 2488 997 2550 Crebri
1021 2509 1064 2549 re·

161 2508 228 2629 licti
243 2569 276 2627 in
290 2569 395 2628 castris
409 2570 503 2647 ignes
518 2581 552 2628 ut
567 2569 640 2628 fides
655 2569 748 2640 fieret,
763 2570 836 2629 dum
859 2569 923 2649 ipse
943 2569 1063 2648 longius

160 2649 293 2728 spatium
315 2649 390 2728 fuga
410 2650 607 2729 praeciperet,
628 2649 706 2709 falsa
731 2650 864 2730 imagine
885 2659 1061 2724 castrorum,

159 2731 241 2789 sicut
260 2729 394 2790 Fabium
414 2730 514 2809 priore
535 2751 616 2790 anno
637 2730 800 2791 frustratus
814 2741 898 2804 esset,
913 2739 1015 2791 tenere
1029 2731 1061 2790 in
1077 2731 1116 2793 30

160 2808 234 2870 locis
254 2809 390 2870 consules
405 2809 542 2871 voluisse.

200 2890 308 2950 XLII.
352 2890 413 2952 Ubi
443 2891 566 2965 inluxit,
590 2891 758 2952 subductae
782 2892 881 2972 primo
908 2892 1062 2965 stationes,

158 2969 270 3031 deinde
283 2972 409 3050 propius
423 2971 605 3032 adeuntibus
625 2971 782 3032 insolitum
796 2973 951 3034 silentium
967 2973 1061 3032 admi·

158 3052 308 3112 rationem
322 3051 403 3111 iecit.
445 3051 516 3113 «lam
532 3053 605 3112 satis
616 3061 760 3131 conperta
774 3052 939 3114 solitudine
953 3054 985 3112 in
1000 3073 1061 3113 cas-

158 3131 222 3205 tris,
232 3151 396 3192 concursus
410 3131 444 3191 fit
459 3132 497 3190 nd
514 3133 664 3210 praetoria
679 3133 836 3192 consulum
852 3133 1061 3192 nuntiantium
1076 3132 1115 3194 35

157 3211 263 3290 fugam
278 3212 409 3272 hostium
427 3213 502 3272 adeo
518 3212 676 3292 trepidam,
689 3222 723 3272 ut
738 3212 942 3273 tabernaculis
956 3214 1061 3273 stanti-

156 3290 214 3352 bus
235 3302 335 3353 castra
356 3291 544 3372 reliquerint,
565 3312 687 3372 quoque
707 3292 781 3370 fuga
801 3293 955 3353 obscurior
976 3303 1060 3365 esset,

157 3372 278 3442 crebros
299 3373 391 3432 etiam
412 3371 533 3430 relictos
554 3371 642 3448 ignis.
683 3371 899 3444 Cla'rnoginde
919 3381 1010 3436 ortus,
1027 3381 1062 3429 ut

155 3453 245 3530 sigua
265 3451 394 3531 proferri
411 3451 555 3529 juberent
568 3451 774 3526 ducerentque
787 3449 827 3507 ad
842 3448 1060 3526 persequendos
