2520 3784
175 212 217 279 14
523 225 785 274 caenosum.

226 387 372 460 animum,
384 386 440 447 etsi
453 405 514 446 non
524 383 644 445 flectere
658 403 769 457 avaro,
779 383 944 444 sollicitum
959 391 1062 443 tamen
1077 383 1143 444 effi·

227 525 293 566 cere
307 511 412 583 posset.

267 620 355 697 Quae
371 626 442 677 ante
456 615 610 676 conditam
632 611 860 674 condendamve
882 611 988 672 urbem
1008 611 1139 691 poeticis

226 735 323 813 magis
332 732 440 793 decora
449 727 562 789 fabulis
570 747 663 806 quam
674 726 858 804 incorruptis
868 745 971 786 rerum
982 735 1140 804 gestarum

163 877 165 883 ⁸
194 851 213 910 δ
226 847 428 908 monumentis
449 843 621 914 traduntur,
637 862 672 901 ea
686 862 741 901 nec
755 840 916 900 adfirmare
929 860 985 900 nee
999 839 1141 900 refellere

227 963 260 1024 in
274 964 376 1023 animo
391 970 442 1022 est.
484 960 586 1020 Datur
607 958 681 1017 haec
697 956 787 1017 venia
807 955 994 1034 antiquitati,
1013 964 1047 1016 ut
1068 956 1140 1017 mis·

227 1076 322 1137 cendo
337 1076 471 1136 humana
494 1075 606 1135 divinis
628 1071 795 1153 primordia
816 1070 939 1130 urbium
960 1073 1140 1151 augustiora

226 1190 336 1264 faciat;
358 1193 426 1252 etsi
442 1193 491 1252 cui
513 1193 625 1271 populo
648 1191 737 1251 licere
758 1199 876 1271 oportet
890 1211 1064 1251 consecrare
1078 1191 1138 1251 ori·
1212 1265 1218 1278 Ι

226 1305 311 1384 gines
331 1323 400 1364 suas
421 1315 452 1366 et
472 1306 512 1365 ad
527 1307 597 1366 deos
612 1308 723 1368 referre
737 1318 883 1380 auctores,
898 1328 934 1366 ea
947 1307 1021 1366 belli
1035 1307 1137 1386 gloria

173 1419 213 1481 10
226 1429 271 1481 est
291 1420 404 1500 populo
426 1421 573 1493 Romano,
589 1432 632 1494 nt,
647 1442 717 1482 cum
738 1442 826 1482 suum
849 1422 1073 1502 conditorisque
1086 1422 1135 1482 sui

226 1545 382 1614 parentem
398 1535 528 1595 Martem
542 1538 730 1615 potissimum
742 1538 829 1611 ferat,
841 1548 903 1598 tam
919 1548 950 1599 et
962 1539 1020 1599 hoc
1031 1546 1136 1617 gentes

221 1649 378 1710 -humanae
392 1651 550 1730 patiuntur
565 1671 661 1730 aequo
676 1652 778 1712 animo
793 1672 884 1730 quam
900 1652 1062 1731 imperium
1082 1671 1136 1732 pa-

226 1763 354 1824 tiuntur.
776 1751 779 1758 ¹

202 1909 204 1916 =
265 1875 323 1936 Sed
338 1875 413 1937 haec
428 1885 457 1937 et
472 1877 520 1937 his
536 1876 657 1950 similia
674 1885 837 1956 utcumque
852 1875 1064 1937 animadversa
1079 1883 1133 1936 aut

173 1989 211 2050 15
226 1990 400 2050 existimata
428 1998 527 2062 erunt,
552 1989 629 2050 haut
656 1990 688 2048 in
717 2011 827 2069 magno
853 1989 992 2068 equidem
1020 2008 1132 2068 ponam

225 2103 414 2176 discrimine;
428 2105 468 2165 ad
480 2104 535 2164 illa
547 2105 620 2164 mihi
633 2125 688 2183 pro
697 2125 727 2164 se
737 2105 863 2183 quisque
872 2103 982 2162 acriter
993 2101 1132 2162 intendat

224 2216 369 2289 animum,
384 2238 461 2296 quae
476 2218 550 2290 vita,
565 2218 618 2297 qui
639 2239 735 2278 mores
750 2217 872 2286 fuerint,
887 2237 941 2296 per
962 2237 1035 2295 quos
1051 2216 1131 2276 viros

224 2333 393 2413 quibusque
420 2335 536 2395 artibus
564 2334 646 2395 domi
676 2334 864 2412 militiaeque
892 2341 922 2393 et
949 2341 1071 2412 partum
1100 2339 1130 2390 et

224 2457 347 2506 auctum
363 2448 524 2526 imperium
537 2448 594 2520 sit;
615 2447 737 2509 labente
752 2446 862 2507 deinde
877 2445 1025 2526 paulatim
1040 2444 1127 2505 disci-

171 2557 209 2617 20
223 2555 309 2635 plina
326 2556 412 2617 velut
432 2557 595 2618 desidentis
616 2559 714 2638 primo
736 2577 832 2617 mores
853 2565 997 2635 sequatur
1017 2555 1129 2628 animo,

223 2668 333 2728 deinde
347 2677 381 2728 ut
396 2669 491 2750 magis
513 2671 669 2748 magisque
689 2668 767 2748 lapsi
788 2668 858 2740 sint,
872 2676 938 2728 tum
960 2668 1004 2726 ire
1025 2687 1127 2747 coepe·

222 2781 285 2840 rint
305 2782 494 2861 praecipites,
509 2782 604 2842 donec
626 2781 665 2842 ad
687 2781 762 2841 haec
783 2789 929 2860 tempora,
944 2779 1054 2860 quibus
1074 2801 1129 2841 neo

225 2893 303 2955 vitia
323 2905 426 2956 nostra
447 2917 502 2956 nec
523 2895 656 2956 remedia
676 2894 742 2975 pati
763 2913 928 2973 possumus,
949 2901 1128 2973 perventum

223 3017 275 3069 est.
318 3008 388 3070 Hoc
404 3007 492 3071 'illud
517 3021 562 3071 est
585 3010 748 3090 praecipue
772 3009 803 3068 in
829 3008 1001 3088 cognitione
1028 3028 1128 3067 rerum

169 3121 208 3181 25
222 3120 344 3182 salubre
358 3144 394 3183 ac
404 3123 595 3204 frugiferum,
607 3124 704 3184 omnis
718 3132 748 3184 te
758 3121 891 3201 exempli
903 3120 1085 3180 documenta
1098 3121 1130 3180 in

223 3234 344 3297 inlustri
366 3225 672 3318 posita”m011ument0
687 3237 817 3296 intueri:
839 3234 911 3294 inde
925 3233 983 3295 tibi
999 3243 1127 3314 tuaeque

223 3349 408 3427 reipublicae
419 3352 499 3430 quod
514 3352 632 3412 imitere
643 3351 755 3431 copiae,
766 3348 847 3423 inde,
858 3348 981 3410 foedum
996 3348 1128 3427 inceptu,

223 3461 344 3522 foedum
359 3449 457 3537 exitu,⁸
469 3464 549 3544 quod
564 3465 648 3526 vites.
