2520 3784
179 203 223 268 30
348 221 643 271 u1r1n1v1sn
671 222 786 269 vanu
816 220 1008 269 conum

231 377 371 438 volantia
389 379 509 446 inferre,
524 399 562 438 ex
577 387 748 440 transverso
762 380 878 457 impetu
893 377 975 438 facta
989 377 1137 442 dirimere

233 458 358 518 infestas
377 459 466 531 acies,
488 458 629 518 dirimere
650 460 720 531 iras,
740 459 814 518 binc
835 468 935 536 patres
957 458 1030 518 hino
1051 460 1137 520 viros

233 548 362 610 orantes,
377 559 415 598 ne
429 539 575 618 sanguine
592 559 623 598 se
637 539 768 598 nefando
789 539 884 598 soceri
905 539 1068 617 generique
1089 560 1136 599 re·

232 629 414 697 spergerent,
442 639 482 677 ne
508 619 672 696 parricidio
701 619 891 678 macularent
920 629 1023 696 partus
1053 640 1134 692 suos,

105 743 107 747 -
200 700 219 758 5
233 708 377 778 nepotum
391 699 448 772 illi,
462 699 496 758 hi
511 699 638 758 liberum
661 699 844 777 progeniem.
887 699 945 758 “Si
965 699 1135 760 adfinitatis

233 780 389 850 intervos,
410 780 435 838 si
458 779 579 839 conubii
604 779 695 858 piget,
717 779 750 838 in
773 799 827 838 nos
848 780 956 840 vertite
980 779 1057 851 iras,
1079 801 1135 840 nos

234 879 324 919 causa
338 859 421 931 belli,
437 881 490 920 nos
507 859 669 920 vulnerum
683 879 719 918 ac
735 859 871 919 caedium
888 860 961 920 viris
976 881 1011 919 ac
1027 881 1135 939 paren-

232 939 314 1000 tibus
341 961 461 1012 sumus;
492 939 599 999 melius
627 939 794 1018 peribimus
822 961 914 1018 quam
939 941 1003 1000 sine
1027 940 1134 1000 alteris

233 1031 367 1082 vestrum
388 1020 499 1081 viduae
519 1030 573 1080 aut
594 1019 686 1080 orbae
707 1019 871 1081 vivemus.'’

168 1101 220 1168 ι10
275 1100 381 1160 Movet
392 1120 438 1160 res
449 1121 517 1160 cum
533 1099 761 1161 multitudinem
773 1111 842 1172 ,tum
855 1101 961 1172 duccs;
977 1100 1134 1161 silentium

231 1189 264 1240 ct
285 1181 443 1260 repentina
468 1180 502 1240 iit
527 1181 628 1259 quies;
656 1181 728 1240 inde
756 1181 795 1240 ad
824 1181 929 1240 foedus
958 1181 1133 1241 faciendum

233 1261 324 1322 duces
353 1261 520 1340 prodeunt3
551 1281 607 1320 nec
636 1282 740 1340 pacem
769 1261 867 1334 modo,
895 1261 947 1320 sed
975 1262 1131 1321 civitatem

233 1363 326 1402 unam
342 1362 380 1401 ex
396 1341 514 1400 duabus
535 1341 669 1413 faciunt3
693 1362 819 1420 regnum
841 1342 1024 1413 consociant,
1040 1343 1135 1420 impe-

234 1423 313 1482 rium
334 1441 422 1480 omne
443 1421 603 1482 conferunt
625 1422 763 1482 Romam.
807 1421 856 1482 Ita
874 1423 1028 1500 geminata
1047 1424 1132 1494 urbe,

172 1502 219 1577 ,15
234 1513 268 1562 ut
282 1501 403 1562 Sabinis
419 1514 519 1562 tamen
535 1503 651 1581 aliquid
668 1503 800 1573 daretur,
818 1502 952 1578 Quirites
967 1522 985 1561 a
1000 1501 1133 1562 Curibus

231 1582 388 1662 appellati.
430 1581 663 1643 Monumentum
687 1583 750 1662 ejus
773 1603 902 1660 pugnae,
924 1582 975 1642 ubi
998 1583 1132 1660 primum

232 1685 271 1724 ex
291 1663 443 1742 profunda
461 1684 591 1724 emersus
613 1663 723 1742 palude
742 1683 852 1741 equum
869 1662 991 1722 Curtius
1005 1665 1038 1722 in
1052 1663 1133 1724 vado

233 1746 349 1816 statuit,
363 1744 505 1805 Curtium
520 1744 620 1804 lacum
637 1743 841 1822 appellarunt.

275 1826 326 1884 Ex
342 1825 421 1884 bello
436 1836 499 1884 tam
514 1825 594 1884 tristi
609 1824 690 1884 laeta
709 1833 831 1902 repente
850 1844 911 1902 pax
931 1823 1060 1884 cariores
1080 1823 1134 1884 Sa·

178 1906 219 1978 ,20
233 1905 321 1965 binas
335 1905 409 1966 viris
430 1926 465 1965 ac
487 1905 663 1984 parentibus
678 1914 708 1964 et
722 1913 792 1963 ante
806 1924 908 1963 omnes
926 1903 1058 1964 Romulo
1075 1904 1134 1982 ipsi

234 1985 314 2048 fecit.
357 1986 473 2064 ltaque,
489 2006 556 2045 cum
573 1985 720 2064 populum
740 1985 771 2043 in
790 1985 889 2044 curias
910 1984 1037 2062 triginta
1056 1985 1134 2045 divi-

233 2067 327 2138 deret,
337 2067 461 2130 nomina
476 2087 578 2126 earnm
592 2066 683 2125 curiis
695 2065 837 2143 inposuit.
873 2063 909 2123 Id
922 2085 981 2123 non
992 2063 1133 2136 traditur,

234 2167 302 2206 cum
319 2147 395 2206 haut
408 2146 500 2205 dubie
515 2147 673 2226 aliquanto
688 2165 830 2204 numerus
845 2145 941 2224 major
955 2145 1012 2204 hoc
1027 2145 1134 2204 mulie-

233 2246 301 2286 rum
317 2227 418 2298 fuerit,
433 2237 532 2286 aetate
547 2247 585 2286 an
604 2225 804 2304 dignitatibus
825 2227 886 2285 suis
903 2225 1076 2286 virorumve
1092 2245 1133 2285 an

181 2306 219 2368 25
232 2316 312 2370 sorte
325 2305 423 2372 ,lectae
436 2307 505 2379 sint,
521 2327 598 2385 quac
613 2307 736 2366 nomina
751 2307 842 2366 curiis
857 2307 973 2366 darent.

274 2387 389 2448 Eodem
419 2396 553 2465 tempore
581 2397 610 2447 ct
639 2387 793 2446 centuriae
817 2395 877 2446 tres
901 2385 1037 2464 equitum
1066 2406 1134 2446 oon·

233 2468 363 2546 scriptae
384 2477 470 2526 sunt:
494 2467 680 2526 Ramnenses
701 2467 741 2526 ab
763 2466 904 2536 Romulo,
926 2466 965 2526 ab
986 2465 1020 2526 T.
1043 2465 1133 2526 Tatio

233 2547 380 2627 Titienses
407 2547 574 2626 appellati;
611 2548 765 2607 Lucerum
793 2547 923 2606 nominis
951 2555 981 2606 et
1008 2546 1134 2624 originis

234 2648 326 2688 causa
354 2629 470 2688 incerta
498 2637 549 2688 est.
592 2628 669 2688 Inde
693 2649 753 2688 non
778 2627 867 2687 modo
892 2647 1059 2698 commune,
1082 2627 1133 2686 sed

181 2708 220 2768 30
234 2729 357 2768 concors
378 2709 471 2768 etiam
492 2729 618 2787 regnum
640 2709 758 2768 duobus
779 2707 899 2787 regibus
920 2707 986 2767 fuit.

274 2787 367 2850 XIV.
409 2789 482 2848 Post
506 2790 623 2867 aliquot
649 2809 743 2848 annos
769 2788 931 2868 propinqui
952 2787 1031 2866 regis
1052 2786 1134 2846 Tatii

234 2869 350 2948 legatos
365 2869 565 2946 Laurentium
582 2869 721 2948 pulsant;
744 2889 873 2948 cumque
888 2868 1055 2928 Laurentes
1066 2868 1135 2946 jure

233 2951 369 3028 gentium
399 2959 532 3028 agerent,
561 2949 644 3028 apud
672 2949 796 3008 Tatium
825 2949 926 3027 gratia
953 2968 1076 3008 suorum
1104 2957 1135 3007 et

234 3051 337 3109 preces
356 3031 424 3106 plus
444 3039 591 3108 poterant.
634 3029 734 3108 Igitur
755 3030 878 3090 illorum
901 3049 1029 3108 poenam
1051 3028 1083 3086 in
1104 3049 1135 3088 se

181 3110 220 3170 35
237 3111 343 3170 vertit:
368 3130 437 3169 nam
453 3110 575 3180 Lavini,
591 3129 658 3168 cum
675 3110 713 3168 ad
730 3109 876 3168 sollemne
896 3110 1078 3169 sacrificium
1101 3129 1135 3168 eo

234 3191 374 3261 venisset,
385 3209 532 3249 concursu
548 3190 629 3248 lacto
644 3189 833 3249 interficitur.
870 3189 948 3250 Eam
962 3211 1023 3248 rem
1037 3189 1135 3248 minus

234 3289 323 3345 aegre
339 3290 430 3348 quam
445 3270 572 3347 dignum
585 3269 768 3328 erattulisse
782 3269 950 3330 Romulum
963 3271 1134 3341 ferunt,seu

235 3349 274 3408 ob
296 3349 422 3408 infidam
443 3351 617 3408 societatem
639 3349 735 3426 regni,
756 3369 807 3408 seu
830 3349 903 3427 quia
924 3349 1001 3409 haut
1022 3350 1136 3428 iniuria

234 3448 357 3488 caesum
384 3429 535 3488 credebat.
578 3428 686 3506 Itaque
714 3428 794 3488 bello
819 3429 942 3507 quidem
970 3429 1135 3500 abstinuit;
