2568 3782
391 240 532 288 ⁴mana
557 239 669 306 xxm,
694 223 821 289 13-14.
1040 223 1103 290 157

152 398 326 462 Allifanum
339 397 587 478 Callifanumque
600 398 787 460 ethlenum
803 419 911 478 agrum
924 399 957 458 in
973 419 1052 460 cam·

151 501 223 562 pum
249 479 408 540 Stellatem
433 479 597 541 descendit.
640 479 704 540 Ubi
729 499 799 540 cum
823 479 976 540 montibus
997 480 1053 540 flu-

151 561 345 639 minibusque
358 559 492 620 clausam
507 561 660 638 regionem
679 560 951 638 circumspexisset,
965 581 1054 621 voca·

150 650 216 704 tum
237 641 346 701 ducem
368 650 594 720 percunctatur,
610 641 662 700 ubi
678 651 829 701 terrarum
846 651 931 701 esset.
973 640 1052 701 Cum

150 723 175 784 is
189 721 317 783 Casilini
331 741 366 781 eo
381 721 430 784 die
441 741 616 781 mansurum
628 741 696 781 eum
708 720 844 793 dixisset,
854 732 918 781 tum
930 720 1053 781 demum
1087 719 1108 781 ὃ

151 803 291 882 cognitus
305 811 349 862 est
364 821 455 873 error,
465 813 496 860 et
509 801 653 861 Casinum
666 801 755 879 longe
770 801 842 860 iude
855 801 918 861 alia
931 801 1053 880 regione

150 903 228 955 esse;
250 883 403 961 virgisque
417 901 503 941 caeso
517 882 595 941 duce
608 891 638 942 et
652 881 692 941 ad
706 880 891 959 reliquorum
907 891 1052 942 terrorem

151 964 183 1025 in
197 983 317 1025 erucem
338 961 469 1034 sublate,
490 962 597 1022 eastris
618 961 820 1034 communitis,
839 961 1053 1021 Maharbalem

151 1065 219 1106 cum
244 1042 398 1122 equitibus
423 1043 454 1102 in
480 1062 587 1119 agrum
613 1041 779 1102 Falernum
804 1041 985 1121 praedatum
1010 1042 1053 1102 di·

150 1125 241 1185 misit.
284 1122 390 1202 Usque
404 1123 444 1182 ad
459 1143 553 1201 aquas
567 1121 763 1182 Sinuessanas
773 1121 931 1201 populatio
942 1143 978 1182 ea
989 1143 1054 1202 per·
1069 1124 1109 1186 10

150 1206 243 1268 venit.
287 1203 446 1283 Ingentem
461 1203 589 1276 cladem,
603 1205 709 1281 fugam
729 1213 832 1263 tamen
849 1213 1056 1282 terroremque

150 1285 252 1358 latius,
268 1285 422 1344 Numidae
438 1284 592 1356 fecerunt3
613 1305 670 1344 uec
692 1293 797 1344 tamen
817 1285 842 1343 is
862 1292 968 1356 terror,
983 1303 1052 1344 cum

150 1367 254 1428 omnia
273 1365 355 1426 bello
376 1365 551 1443 flagrarent,
566 1364 625 1424 fide
645 1365 740 1424 socios
756 1364 895 1436 dimovit,
911 1364 1055 1425 videlieet

151 1448 222 1525 quia
232 1448 315 1526 justo
328 1454 358 1506 et
369 1446 525 1506 moderato
536 1445 720 1524 regebantur
730 1444 867 1523 imperio,
878 1464 933 1504 nee
943 1443 1055 1505 abnue-

151 1527 233 1596 bant,
244 1525 324 1605 quod
335 1546 430 1585 unum
440 1526 599 1585 vinculum
608 1525 678 1585 fidei
687 1533 741 1597 est,
751 1523 928 1585 melioribus
937 1544 1052 1603 parere.
1069 1525 1108 1586 16

190 1605 284 1668 XIV.
326 1605 372 1668 Ut
387 1627 469 1679 vero,
491 1617 650 1685 postquam
671 1605 711 1665 ad
726 1604 919 1667 Vulturnum
940 1605 1054 1665 flumen

152 1698 250 1748 castra
270 1696 341 1747 sunt
363 1687 469 1765 posita,
485 1686 671 1746 exurebatur
691 1686 920 1746 amoenissimus
940 1684 1054 1746 Italiae

151 1789 223 1846 ager
239 1767 395 1846 'villaeque
416 1768 527 1846 passim
548 1767 697 1827 incendiis
717 1766 888 1838 fumabant,
910 1787 963 1845 per
978 1768 1056 1846 juga

152 1849 276 1910 Massici
297 1848 408 1908 montis
427 1846 526 1908 Fabio
540 1847 679 1920 ducente,
694 1856 760 1906 tum
773 1867 867 1926 prope
883 1847 921 1906 de
935 1847 1054 1924 integro

151 1930 258 1990 seditio
287 1949 433 2001 acceusa3
455 1929 635 2006 quieverant
659 1928 741 1987 enim
765 1947 820 2006 per
843 1947 956 2005 paucos
980 1927 1053 2000 dies,
1069 1928 1109 1990 20

151 2011 232 2088 quia,
248 2029 316 2068 cum
339 2009 466 2072 celerius
487 2008 575 2069 solito
597 2008 724 2068 ductum
745 2028 855 2085 agmen
876 2015 960 2081 esset,
974 2007 1055 2068 festi·

151 2091 217 2149 nari
232 2089 273 2148 ad
288 2089 508 2168 prohibendam
520 2088 770 2168 populationibus
781 2089 983 2167 Campaniam
993 2109 1055 2149 cre·

151 2170 301 2229 diderant.
345 2168 391 2230 Ut
404 2189 477 2230 vero
497 2169 528 2228 in
546 2179 684 2229 extrema
700 2170 777 2248 juga
799 2169 922 2228 Massici
942 2169 1055 2229 montis

150 2260 287 2321 ventum,
302 2257 332 2308 et
348 2249 445 2310 hostes
459 2250 515 2310 sub
531 2249 627 2310 oculis
642 2261 730 2310 eraut
744 2249 871 2308 Falerni
892 2250 958 2327 agri
977 2250 1055 2309 colo·

151 2349 320 2407 uerumque
348 2328 506 2390 Sinuessae
540 2338 621 2391 tecta
652 2339 782 2403 urentes,
810 2350 867 2390 nec
895 2329 960 2390 ulla
988 2331 1109 2392 erat25

151 2409 264 2469 mentio
286 2429 416 2488 pugnae,
439 2415 635 2489 “spectatum
656 2409 746 2470 huc’'
768 2411 869 2489 inquit
890 2410 1055 2485 Minucius,

151 2495 213 2550 “ut
241 2511 304 2549 rem
333 2491 493 2550 fruendam
522 2491 627 2564 oculis,
648 2491 798 2551 sociorum
826 2491 932 2551 caedes
956 2501 987 2551 et
1011 2491 1056 2550 in·

151 2571 261 2630 cendia
287 2571 448 2632 venimus?
482 2591 547 2645 nec,
575 2572 600 2631 si
628 2572 744 2632 nullius
770 2571 906 2645 alterius,
934 2592 989 2632 nos
1017 2593 1055 2632 ne

150 2652 265 2712 civium
280 2651 404 2729 quidem
418 2651 527 2712 horum
541 2652 645 2731 pudet,
656 2673 731 2731 quos
745 2651 917 2713 Sinuessam
933 2652 1054 2714 colonos

150 2743 251 2811 patres
265 2732 361 2791 nostri
376 2732 531 2805 miserunt,
545 2742 581 2793 ut
595 2733 635 2792 ab
648 2733 785 2794 Samnite
799 2733 884 2794 hoste
897 2743 965 2794 tuta
979 2734 1054 2792 haee
1069 2734 1109 2796 30

150 2833 204 2872 ora
224 2823 309 2884 esset,
331 2831 421 2891 qnam
443 2834 526 2873 nuno
547 2834 609 2873 non
627 2815 746 2875 vicinus
768 2814 888 2874 Samnis
909 2815 981 2887 urit,
1001 2815 1053 2874 sed

151 2892 271 2954 Poenus
285 2893 415 2963 advena,
430 2893 470 2952 ab
484 2895 629 2954 extremis
648 2893 730 2954 orbis
750 2904 901 2955 terrarum
916 2895 1053 2954 terminis

150 2983 255 3032 nostra
276 2974 470 3034 cunctatione
491 2986 521 3034 et
540 2974 678 3034 socordia
694 2974 760 3054 jam
780 2975 841 3035 huo
860 2975 1054 3054 progressus?

151 3052 295 3126 Tantum,
324 3055 395 3132 pro!
425 3055 641 3133 degeneramus
670 3075 689 3114 a
717 3055 855 3134 patribus
879 3056 997 3129 nostris,
1019 3064 1054 3116 ut

151 3144 379 3212 praeterquam
400 3155 484 3194 oram
501 3135 551 3206 illi,
562 3135 694 3195 Punicas
708 3136 815 3214 vagari
837 3134 945 3196 classes
966 3136 1054 3196 dede·
1069 3135 1107 3196 35

151 3235 203 3273 eus
217 3235 281 3274 esse
295 3215 416 3293 imperii
430 3215 477 3274 sni
493 3216 647 3288 duxerint,
662 3236 729 3275 eam
746 3235 829 3274 nune
843 3215 964 3294 plenam
987 3215 1054 3274 hos·

150 3296 227 3354 tium
265 3294 531 3374 Numidarumque
563 3315 600 3355 ao
628 3296 807 3356 Maurorum
838 3295 904 3374 jam
939 3295 1053 3356 factam

151 3375 330 3435 videamus?
372 3375 556 3451 Quivvmodo,
570 3375 741 3456 Saguntum
763 3374 933 3452 oppugnari
955 3375 1053 3450 indig·

150 3454 262 3527 nando,
278 3475 340 3514 non
361 3454 498 3516 homiues
519 3464 649 3528 tantum,
663 3454 716 3514 sed
730 3454 852 3514 foedera
866 3462 896 3512 et
911 3452 982 3512 deos
996 3453 1053 3512 eie-
