2520 3784
139 221 182 293 72
312 243 403 290 n1n1
428 245 527 292 nrvr
551 243 607 290 ΑΒ
632 242 748 293 veen
777 243 970 292 oonnrrn

182 396 257 476 dus,
267 401 475 480 indictumque
484 401 657 481 junioribus
672 401 862 474 Latinorum,
874 411 908 462 ut
919 423 958 461 ex
973 401 1095 463 foedere

192 483 242 543 die
266 493 348 542 certa
375 481 414 542 ad
443 482 547 541 lucum
571 481 753 542 Ferentinae
781 481 892 541 armati
920 481 1093 561 frequentes

192 563 338 623 adessent.
382 561 445 638 Qui
474 561 527 621 ubi
555 562 594 622 ad
624 561 756 620 edictum
787 561 920 622 Romani
947 564 1026 642 regis
1054 585 1093 623 ex

192 643 333 702 omnibus
356 641 476 720 populis
501 661 678 712 convenere,
701 662 739 701 ne
762 641 871 701 ducem
899 663 987 702 suum
1015 664 1094 705 neve

159 721 178 782 δ
191 732 338 786 secretum
354 721 515 800 imperium
526 721 687 800 propriave
700 721 788 799 signa
802 721 959 796 haberent,
970 724 1094 784 miscuit

191 801 365 882 manipulos
386 821 425 861 ex
446 801 566 861 Latinis
588 801 803 880 Romanisque,
819 811 853 862 ut
874 823 913 862 ex
934 802 1013 863 binis
1034 803 1093 864 sin'-
1184 816 1186 818 ’

190 882 278 962 gulos
305 883 419 943 faceret
447 881 592 960 binosque
619 902 658 940 ex
686 882 832 960 singulis;
861 883 905 943 ita
931 883 1093 962 geminatis

191 963 275 1024 mani
298 961 357 1024 ulis
379 961 568 1022 centuriones
590 961 732 1040 inposuit.

232 983 324 1104 LIlI.
366 1041 441 1116 Nec,
455 1051 490 1102 ut
505 1043 635 1122 injustus
649 1041 681 1101 in
696 1063 770 1121 pace
787 1063 851 1115 rex,
867 1043 912 1104 ita
933 1043 997 1103 dux
1018 1043 1093 1104 belli

140 1119 178 1182 10
192 1144 306 1202 pravus
320 1123 397 1195 fuit;
419 1123 494 1202 quin
508 1143 545 1182 ea
560 1132 626 1182 arte
640 1133 795 1202 aequasset
815 1125 982 1202 superiores
999 1145 1093 1202 reges,

192 1203 226 1263 ni
241 1203 456 1282 degeneratum
471 1203 503 1262 in
518 1203 586 1262 aliis
601 1203 673 1264 huic
688 1224 807 1282 quoque
821 1203 923 1264 decori
938 1205 1092 1265 offecisset.

194 1283 226 1344 Is
244 1283 361 1364 primus
376 1281 497 1345 Volscis
518 1282 634 1343 bellum
656 1285 688 1343 in
709 1283 854 1344 ducentos
874 1285 1005 1364 amplius
1025 1294 1094 1364 post

191 1385 278 1426 suam
301 1373 430 1424 aetatem
453 1384 548 1424 annos
570 1365 676 1438 movit,
699 1363 898 1444 Suessamque
923 1364 1093 1426 Pometiam

191 1465 230 1505 ex
251 1445 288 1504 iis
308 1445 341 1506 vi
361 1443 450 1523 cepit.

139 1521 178 1582 15
232 1523 296 1586 Ubi
314 1544 381 1585 cum
401 1525 595 1586 divendenda
615 1525 730 1606 praeda
751 1525 954 1604 quadraginta
975 1524 1094 1586 talenta

191 1605 312 1685 argenti
327 1605 487 1678 refecisset,
503 1607 642 1685 concepit
656 1607 759 1666 animo
774 1625 841 1664 eam
857 1605 1092 1684 amplitudinem

192 1685 281 1749 Jovis
304 1686 420 1766 templi,
443 1707 520 1764 quae
542 1687 637 1764 digna
660 1683 750 1745 dcfim
773 1685 992 1764 hominumque
1014 1705 1093 1765 rege,

192 1788 270 1847 quae
285 1767 424 1828 Romano
438 1767 575 1846 imperio,
591 1787 668 1846 quae
689 1767 782 1845 ipsius
803 1767 896 1825 etiam
911 1765 971 1826 loci
988 1767 1093 1846 majes-

192 1858 256 1910 tate
269 1857 360 1920 esset;
383 1848 538 1926 captivam
552 1847 712 1926 pecuniam
727 1847 759 1906 in
774 1845 1014 1906 aedificationem
1029 1847 1093 1925 ejus

140 1929 178 1992 20
192 1928 300 2006 templi
313 1929 453 2006 seposuit.
1063 1955 1068 1961 ·
1085 1989 1088 1993 ,

233 2009 366 2086 Excepit
376 2009 486 2068 deinde
497 2028 566 2068 eum
575 2007 687 2068 lentius
697 2028 750 2087 spe
759 2006 884 2079 bellum,
894 2027 954 2086 quo
969 2005 1093 2080 GabioS,

192 2087 394 2168 propinquam
410 2089 526 2161 urbem,
540 2089 725 2168 nequiquam
739 2088 771 2150 vi
786 2087 918 2161 adortus,
933 2107 1003 2148 cum
1018 2087 1099 2148 obsi-¹

193 2169 284 2229 dendi
300 2189 419 2248 quoque
434 2169 540 2229 urbem
554 2190 621 2248 spes
635 2169 723 2249 pulso
738 2190 757 2228 a
772 2167 928 2229 moenibus
949 2167 1093 2247 adempta

193 2258 277 2322 esset,
291 2259 443 2328 postremo
459 2249 582 2309 minime
596 2260 661 2310 arte
676 2249 825 2323 Romana,
840 2247 947 2308 fraude
962 2269 998 2308 ac
1012 2248 1093 2322 dulc,

141 2329 350 2408 uoladgressus
370 2339 422 2390 est.
465 2329 547 2390 Nam
563 2351 641 2404 cum,
657 2330 742 2390 velut
762 2331 859 2408 posito
881 2328 970 2401 belle,
985 2329 1093 2388 funda·

193 2410 303 2470 mentis
318 2409 425 2488 templi
435 2410 585 2489 jaciendis
607 2410 734 2489 aliisque
750 2409 874 2469 urbanis
895 2409 1035 2488 operibus
1049 2409 1093 2469 in·

193 2499 311 2550 tentum
326 2511 357 2551 se
371 2511 433 2550 esse
446 2490 613 2565 simularet,
629 2491 739 2552 Sextus
753 2489 834 2550 filius
849 2491 920 2570 ejus,
936 2490 989 2569 qui
1006 2489 1093 2549 mini-

193 2591 261 2630 mus
277 2591 317 2630 cx
334 2571 431 2631 tribus
446 2581 520 2645 erat,
535 2572 702 2651 transfugit
722 2592 761 2632 ex
782 2570 947 2650 composito
968 2569 1092 2643 Gabios,

193 2651 288 2730 patris
316 2653 349 2711 in
382 2672 414 2712 se
444 2652 602 2713 saevitiam
633 2651 857 2712 intolerabilem
888 2670 1091 2729 conquerens:

140 2731 180 2792 30
194 2737 202 2762 ‘
209 2732 274 2812 jam
295 2731 335 2792 ab
355 2731 462 2792 alienis
483 2733 515 2791 in
536 2753 604 2794 suos
626 2733 750 2793 vertisse
771 2731 953 2812 superbiam,
967 2740 997 2790 et
1019 2730 1092 2790 libe-

192 2832 296 2871 rorum
317 2832 436 2890 quoque
457 2832 526 2872 eum
548 2813 734 2891 frequentiae
753 2813 882 2886 taedere,
898 2820 940 2884 ut,
956 2831 1046 2890 quam
1061 2811 1093 2870 in

193 2892 279 2952 curia
305 2883 643 2966 solitudinem'fecerit,
669 2892 751 2954 domi
779 2913 899 2972 quoque
927 2892 1030 2963 faciat,
1055 2912 1093 2952 ne

193 2992 284 3050 quam
309 2973 445 3051 stirpem,
470 2993 509 3032 ne
536 2993 626 3052 quem
654 2973 795 3033 heredem
821 2973 906 3052 regni
931 2971 1092 3050 relinquat

193 3052 231 3112 Se
245 3052 369 3130 quidem
387 3053 466 3113 inter
480 3052 542 3114 tela
556 3062 585 3112 et
599 3053 717 3131 gladios
739 3053 834 3132 patris
855 3054 991 3131 elapsum
1014 3051 1092 3110 nihil

140 3131 179 3190 35
192 3152 321 3210 usquam
337 3132 396 3192 sibi
412 3141 514 3193 tutum
527 3132 586 3192 nisi
600 3133 683 3211 apud
698 3132 796 3193 hostes
812 3134 848 3194 L.
864 3133 1012 3212 Tarquini
1033 3153 1093 3192 cre

193 3212 314 3274 didisse.
355 3212 437 3272 Nam
457 3233 496 3273 ne
516 3222 661 3286 errarent,
676 3233 799 3274 manere
814 3214 852 3272 iis
870 3213 996 3286 bellum,
1012 3211 1093 3291 quod

193 3292 326 3372 positum
346 3292 514 3366 simuletur,
533 3301 564 3353 et
583 3313 638 3372 per
658 3293 845 3354 occasionem
866 3314 935 3352 eum
957 3295 1094 3354 incautos

194 3372 381 3434 invasurum.
423 3372 515 3450 Quod
529 3373 555 3433 si
569 3372 651 3452 apud
666 3392 715 3433 eos
729 3372 919 3451 supplicibus
934 3373 1018 3433 locus
1032 3392 1094 3434 non
1137 3391 1139 3394 ·
