2520 3784
166 221 210 286 ts
335 237 426 285 rrrr
452 237 548 286 arur
577 237 633 284 nn
658 231 773 285 vasa
802 236 995 284 conarri.

220 403 326 456 rentur
353 394 393 454 ab
421 394 542 473 oppido,
570 403 657 472 terga
683 402 817 455 vertunt.
873 393 974 454 Instat
1001 393 1126 480 Tullus,

219 475 346 554 fusoque
357 474 552 534 Fidenatium
568 494 661 535 cornu
676 475 707 533 in
717 474 878 536 Veientem
893 474 994 535 alieno
1008 495 1128 553 pavore

218 555 393 636 perculsum
414 555 542 614 ferocior
562 555 650 614 redit.
692 554 759 615 Neo
779 554 827 614 illi
848 554 945 614 tulere
963 555 1126 632 impeturn,

219 636 272 698 sed
287 635 327 696 ab
341 635 437 695 effirsa
449 635 523 713 l'uga
537 634 650 694 flumen
665 635 815 714 objectum
830 634 870 695 ab
884 645 969 712 tergo
988 635 1125 696 arcebat

187 715 291 792 bQuo
311 724 473 794 postquam
494 715 567 794 fuga
588 657 760 788 inclinavit,
776 715 830 775 alii
852 735 938 774 arma
956 715 1074 775 foede
1059 736 1127 794 Jac-

220 804 319 864 tantes
334 796 368 855 in
381 815 492 874 aquam
511 795 592 856 oaeoi
609 794 748 868 ruebant,
763 795 827 868 alii,
843 796 916 855 dum
938 737 1127 855 cunctaritur

219 877 252 935 in
274 877 357 954 ripis,
379 876 460 936 inter
478 876 570 954 fugae
590 893 771 954 pugnaeque
796 874 957 936 consilium
978 875 1123 954 obpressi.

219 955 290 1017 Non
305 955 367 1017 alia
382 965 453 1016 ante
468 954 609 1015 Romana
623 975 728 1034 pugna
742 956 874 1016 atrocior
887 955 956 1016 fuit.

259 1035 424 1096 XXVIII.
467 1035 546 1095 Tum
560 1034 702 1095 Albanus
721 1036 882 1108 exercituo,
896 1043 1049 1114 spectator
1062 1057 1127 1096 cer-

167 1119 206 1184 20
219 1117 353 1188 aminis,
363 1116 511 1176 deductus
524 1116 559 1176 in
574 1135 705 1194 campos.
747 1115 873 1176 Mettius
884 1114 976 1176 Tullo
987 1116 1126 1177 devictos

219 1196 319 1260 hostes
340 1196 524 1274 gratulatur,
546 1205 654 1256 contra
680 1195 789 1256 Tullus
818 1196 963 1256 Mettium
991 1195 1127 1274 benigne

220 1277 406 1370 adloquitur
449 1276 541 1352 Quod
562 1276 639 1337 bene
658 1285 767 1349 vertat,
783 1284 882 1336 castra
903 1276 1043 1336 Albanos
1064 1277 1127 1336 Ro-

221 1357 320 1418 manis
339 1357 445 1417 castris
468 1358 598 1496 jungetre
628 1357 719 1430 ubet,
740 1324 923 1416 sacrificium
944 1356 1006 1416 lust
1003 1356 1100 1416 rale'
1092 1377 1128 1416 ln

221 1437 301 1498 diam
316 1445 468 1516 posterum
483 1446 580 1516 parat
656 1436 687 1497 bi
702 1437 818 1497 inluxit
806 1437 958 1516 aparatio
973 1436 1125 1509 omnibuS,

169 1521 207 1586 15
222 1527 256 1580 ut
276 1517 401 1590 adsolet,
416 1537 519 1578 vocari
510 1517 573 1577 ad
589 1519 761 1578 contionem
776 1527 941 1611 utrumque
955 1519 1127 1578 exercitum

221 1597 320 1677 J'ubet
363 1564 541 1671 Piaeooues‚
555 1597 662 1658 abt
609 1609 662 1658 ext
663 1619 746 1658 rerno
765 1599 835 1671 orsi,
850 1600 963 1677 primos
984 1599 1129 1658 exolvere

221 1677 369 1740 Albanos.
409 1678 466 1750 Hi,
482 1679 619 1739 novitate
632 1679 724 1738 etiam
740 1679 784 1738 rei
798 1679 882 1751 moti,
899 1687 934 1739 ut
948 1699 1049 1758 regem
1065 1679 1128 1739 Ro·

221 1779 346 1818 manum
372 1759 600 1819 contionantem
624 1759 775 1832 audirent,
798 1759 933 1837 proximi
956 1759 1126 1820 constitere.

143 1853 150 1860 '
222 1839 273 1900 Ει
297 1839 451 1931 conposito
479 1849 598 1900 armata
626 1806 836 1900 circumditur
863 1839 1004 1899 Romana
1028 1839 1128 1918 legio;

170 1919 209 1988 ιι)
223 1918 449 1982 centurionibus
473 1921 585 2000 *dat-um
612 1920 767 1999 negotium
793 1928 868 2018 erat,
893 1929 928 1980 ut
952 1919 1018 1979 siue
1041 1939 1130 1980 mora

223 1999 352 2078 imperia
364 2010 616 2093 exsequerentur.

262 2079 341 2140 Tum
362 2080 406 2140 ita
427 2079 536 2140 Tullus
556 2081 672 2141 infit:‘
675 2080 871 2153 ‘Romani
848 2101 873 2142 ιι
894 2091 1039 2160 umquam
1055 2089 1129 2142 ante

223 2158 299 2222 alias
314 2158 400 2220 ullo
392 2181 425 2220 ιιι
441 2160 521 2220 bello
532 2161 592 2220 fuit
593 2161 692 2240 ,quod
704 2163 837 2240 primum
852 2161 921 2222 dis
912 2172 1024 2222 rnmort
1013 2161 1128 2222 talibus

223 2241 337 2319 gratias
358 2241 495 2318 ageretis,
514 2209 623 2301 deinde
641 2250 760 2302 vestrae
780 2243 914 2320 ipsorum
930 2242 1048 2315 virtuti,
1064 2242 1129 2302 hes·-

170 2322 210 2386 25
224 2331 344 2381 ternum
366 2321 398 2380 id
419 2321 570 2399 proelium
590 2321 658 2382 fuit.
701 2321 891 2382 Dimicatum
910 2331 954 2382 est
969 2323 1051 2381 enim
1065 2341 1129 2382 non

223 2402 321 2479 magis
349 2421 419 2460 oum
447 2401 597 2475 hostibus,
615 2422 716 2480 quam,
737 2423 815 2480 quae
843 2402 978 2462 dimicat
958 2411 1000 2462 tro
1030 2403 1129 2481 major

224 2490 315 2559 atque
342 2481 540 2560 periculosior
567 2491 620 2556 est,
645 2503 714 2542 oum
742 2482 854 2562 prodit
846 2503 914 2542 rone
938 2502 975 2542 ao
999 2482 1130 2560 perfidia

223 2562 400 2622 sociorum.
425 2560 516 2634 Nam,
532 2582 571 2622 ιιι
583 2583 637 2624 vos
658 2562 736 2622 falsa
757 2563 875 2656 opinio·
878 2570 989 2635 teneat,
1011 2563 1129 2641 injussu

223 2663 289 2710 meo
311 2641 430 2702 Albani
450 2609 569 2703 subiere
590 2642 630 2702 ad
651 2653 778 2716 montes,
782 2659 848 2703 meo
867 2643 1029 2721 imperium
1047 2642 1129 2702 illud

171 2723 211 2786 30
223 2743 334 2795 meum,
349 2722 401 2782 sed
417 2723 577 2782 consilium
591 2731 622 2782 et
635 2722 755 2801 imperii
746 2690 924 2783 'simulatio
939 2722 1007 2795 fuit,
1022 2731 1057 2782 ut
1072 2743 1129 2782 neo

224 2802 319 2875 vobis,
329 2802 540 2882 ignorantibus
551 2803 647 2862 deseri
656 2823 718 2876 vos,
728 2812 915 2864 averteretur
930 2823 948 2862 a
964 2804 1130 2862 oertamiue

224 2884 353 2954 animus,
375 2893 406 2943 et
426 2882 571 2956 hostibus,
587 2883 802 2944 circumveniri
824 2903 854 2943 se
875 2883 914 2942 ab
936 2892 1021 2960 tergo
1042 2883 1128 2955 ratis,

224 2971 321 3024 terror
332 2985 368 3024 ao
379 2963 454 3041 fuga
464 2963 636 3024 iniceretur.
678 2963 709 3022 N
711 2985 744 3023 eo
756 2983 791 3023 ea
806 2963 907 3042 culpa,
916 2982 1007 3041 quam
1022 2983 1128 3040 arguo,

225 3044 359 3104 omniurn
372 3043 567 3104 Albanorum
579 3053 640 3102 est:
656 3043 763 3103 ducem
775 3045 962 3115 secunaum,
974 3052 1009 3102 ut
1023 3051 1053 3104 et
1065 3063 1129 3114 vos,

172 3122 211 3183 35
225 3125 250 3182 si
265 3144 325 3201 quo
340 3144 396 3202 ego
409 3124 480 3182 inde
495 3143 604 3200 agmen
619 3123 774 3183 declinare
789 3123 959 3194 voluissem,
974 3123 1128 3182 fecissetis

226 3203 351 3265 Mettius
366 3203 420 3263 ille
433 3211 478 3262 est
466 3203 565 3262 ttduo
553 3213 600 3262 tor
615 3203 730 3262 itineris
744 3203 843 3281 hujus,
860 3203 925 3262 Met
927 3203 986 3261 tius
1001 3202 1130 3262 foederis

225 3282 358 3342 Romani
386 3282 563 3360 Albanique
589 3292 662 3360 rupt
664 3303 705 3342 or.
761 3225 886 3342 Audeat
913 3281 1023 3342 deinde
1051 3283 1131 3342 talia

225 3362 357 3502 kqliusd
327 3363 434 3501 qni
400 3363 432 3420 in
442 3362 552 3422 hunc?
537 3362 665 3440 insigne
678 3363 745 3441 J'arn
762 3362 978 3456 documentum
992 3361 1131 3478 mortali

246 3461 280 3501 us
316 3441 434 3502 eero.''
1127 3469 1132 3476 ·
