2520 3784
147 175 189 238 24
310 188 400 234 1111
432 188 528 236 nrvr
559 187 613 233 AB
643 187 759 235 vaes
788 187 980 234 counr‘rn

200 345 403 423 facinorisque
434 364 555 404 causam
588 343 717 416 audivit,
747 343 885 404 habitum
914 345 1108 426 formamque

200 426 259 486 viri
281 425 472 503 aliquantum
494 423 673 503 ampliorem
687 425 953 502 augustioremque
967 425 1109 487 humana

201 506 330 576 intuens,
352 505 474 584 rogitat,
496 505 548 583 qui
563 504 611 582 vir
632 513 714 563 esset.
758 502 821 565 Ubi
843 525 952 564 nomen
974 515 1108 584 patrem-

201 605 259 664 que
274 605 309 644 ae
323 585 453 664 patriam
470 585 595 664 accepit,
611 583 717 644 “Jove
729 594 809 656 nate,
820 584 979 658 Hercules,
990 587 1075 648 salve
1086 587 1105 613 ’⁹

168 665 320 743 5inquit;
350 669 406 724 “te
433 665 509 724 mihi
537 673 643 736 mater,
664 663 800 724 veridica
827 665 974 743 interpres
1002 666 1105 739 deum,

201 753 363 806 aucturum
379 744 553 805 caelestium
568 764 728 803 numerum
744 744 862 818 cecinit,
878 745 994 824 tibique
1015 767 1103 806 aram

201 827 253 886 hic
274 825 409 884 dicatum
430 824 478 898 iri,
500 845 590 903 quam
613 823 843 902 opulentissima
868 825 940 885 olim
963 826 993 885 in
1015 829 1105 888 terris

201 926 274 985 gens
303 906 470 964 maximam
490 915 578 964 vocet
606 913 718 981 tuoque
742 905 803 964 ritu
830 905 939 965 colat.'’
982 907 1105 966 Dextra

202 984 351 1046 Hercules
373 986 446 1045 data
459 985 596 1065 accipere
616 1005 647 1043 se
669 1005 756 1044 omen
777 985 1024 1065 inpletururnque
1039 987 1107 1048 fata

150 1069 188 1130 10
202 1086 256 1126 ara
278 1066 401 1126 condita
422 1085 457 1125 ac
478 1065 580 1125 dicata
602 1066 654 1124 ait.
697 1064 746 1124 Ibi
770 1075 835 1124 tum
862 1066 1004 1144 primurn,
1027 1067 1105 1128 bove

202 1145 315 1206 eximia
330 1155 420 1224 capta
434 1145 472 1204 de
486 1165 585 1223 grege,
601 1164 720 1204 sacrum
741 1144 880 1218 Herculi,
896 1147 1042 1207 adhibitis
1063 1147 1105 1207 ad

202 1226 402 1285 ministerium
418 1226 586 1304 dapemque
601 1225 721 1285 Potitiis
735 1245 771 1284 ac
787 1225 928 1298 Pinariis,
944 1238 1103 1306 quactum

202 1307 337 1369 familiae
351 1305 485 1366 maxime
506 1306 630 1365 inclitae
645 1325 680 1364 ea
694 1305 762 1366 loca
777 1306 960 1379 incolebant,
975 1309 1101 1369 factum.

202 1386 295 1446 Forte
316 1387 360 1445 ita
381 1386 491 1459 evenit,
507 1396 542 1446 ut
556 1385 660 1446 Potitii
677 1386 717 1445 ad
732 1398 850 1464 tempus
864 1398 983 1465 praesto
997 1398 1104 1460 essent,

149 1467 309 1545 ranisque
333 1476 405 1526 exta
429 1476 663 1545 apponerentur,
684 1465 811 1538 Pinarii,
832 1467 910 1527 extis
936 1469 1042 1542 adesis,
1063 1469 1105 1529 ad

203 1556 334 1608 ceteram
359 1548 498 1607 venirent
523 1547 641 1625 dapem·
684 1545 761 1606 Inde
787 1546 960 1607 institutum
982 1549 1104 1621 mansit,

202 1628 298 1688 donec
330 1627 489 1688 Pina-rium
519 1647 614 1706 genus
641 1626 710 1701 fuit,
737 1646 776 1686 ne
804 1627 883 1687 extis
910 1628 1105 1688 sollemnium

202 1718 403 1772 vescerentur.
445 1707 552 1768 Potitii
580 1707 620 1767 ab
648 1706 796 1768 Evandro
824 1708 923 1768 edocti
952 1710 1103 1770 antistites

202 1789 280 1849 sacri
303 1789 366 1868 ejus
386 1809 439 1867 per
461 1788 572 1848 multas
593 1796 706 1847 aetates
727 1787 858 1860 fuerunt,
871 1789 969 1850 ,donec
990 1791 1104 1850 tradito

150 1869 297 1931 20servis
325 1868 456 1948 publicis
484 1868 623 1928 sollemni
650 1867 786 1927 familiae
811 1868 987 1942 ministerio,
1009 1890 1104 1948 genus

202 1969 291 2009 omne
305 1948 487 2009 Potitiorum
504 1949 628 2009 interiit.
671 1947 759 2007 Haec
773 1958 838 2008 tum
853 1969 940 2008 sacra
955 1949 1104 2010 Romulus

203 2049 265 2088 una
278 2050 317 2089 ex
332 2029 471 2090 omnibus
486 2028 646 2108 peregrina
657 2029 797 2106 suscepit,
808 2029 948 2108 jamtum
961 2031 1103 2091 inmorta-

202 2109 299 2170 litatis
312 2113 425 2170 virtute
435 2120 551 2190 partae,
561 2108 600 2170 ad
612 2127 703 2187 quam
714 2128 782 2168 eum
794 2129 849 2169 sua
863 2110 928 2170 fata
941 2109 1103 2184 ducebant,

201 2189 311 2251 fautor.

142 2271 188 2332 ⁹25
244 2269 337 2349 VlII.
381 2271 484 2332 Rebus
505 2270 618 2330 divinis
642 2268 700 2328 rite
723 2270 914 2348 perpetratis,
935 2280 1103 2350 vocataque
1116 2317 1124 2327 ..

203 2350 243 2411 ad
265 2351 428 2411 concilium
449 2349 656 2423 multitudine,
672 2370 750 2429 quae
770 2350 935 2410 coalescere
950 2352 982 2411 in
997 2352 1103 2430 populi

203 2433 292 2492 unius
314 2452 422 2510 corpus
442 2432 530 2491 nulla
550 2452 582 2490 re
603 2441 817 2510 praeterquam
836 2430 954 2508 legibus
975 2440 1102 2510 poterat,

147 2571 150 2576 .
198 2511 670 2592 ju1·adedit;quaeitasancta
698 2511 801 2590 generi
815 2511 970 2570 hominum
993 2513 1104 2590 agresti

204 2593 267 2652 fore
282 2602 375 2664 ratus,
390 2593 415 2652 si
436 2613 466 2652 se
488 2593 551 2670 ipse
566 2591 772 2652 venerabilem
794 2591 963 2668 insignibus
984 2591 1103 2670 imperii

151 2672 330 2746 abiecisset,
359 2693 427 2732 cum
457 2681 555 2732 cetero
585 2672 694 2731 habitu
728 2692 759 2731 se
794 2671 1009 2750 augustiorem,
1038 2682 1104 2731 tum

167 2787 172 2800 ·
203 2753 336 2816 maxime
351 2752 509 2812 lictoribus
524 2752 684 2812 duodecim
705 2753 833 2830 sumptis
854 2752 935 2812 l'eeit.
975 2751 1043 2811 Alii
1064 2752 1103 2812 ab

203 2853 329 2892 numero
351 2835 465 2905 avium,
481 2853 558 2911 quae
579 2831 708 2910 augurio
729 2852 856 2910 regnum
877 2832 1103 2911 portenderant,

204 2933 273 2974 eum
297 2923 432 2994 secutum
458 2927 617 2972 numerum
644 2921 771 2990 putant3
797 2933 845 2972 me
869 2912 946 2971 haut
970 2914 1104 2992 paenitet

204 3013 309 3059 eorum
319 2993 485 3054 sententiae
496 3013 572 3067 esse,
578 2991 688 3070 quibus
700 3002 730 3050 et
741 2993 927 3071 apparitores
942 2992 999 3052 hoc
1010 3013 1104 3070 genus

151 3072 190 3132 35
204 3072 243 3132 ab
265 3074 402 3134 Etruscis
423 3073 570 3145 finitimis,
589 3073 669 3131 unde
691 3071 766 3131 sella
789 3073 912 3145 curulis,
933 3073 1013 3132 unde
1034 3083 1104 3152 toga

203 3164 364 3232 praetexta
374 3161 495 3232 sumpta
510 3162 562 3222 est,
574 3162 604 3211 et
615 3171 775 3211 numerum
790 3172 910 3231 quoque
922 3153 1021 3232 ipsum
1034 3153 1103 3213 duc·

204 3243 269 3294 tum
285 3235 394 3314 placet,
409 3233 497 3293 etita
513 3231 652 3292 habuisse
671 3231 825 3304 Etruscos
841 3233 921 3312 quod
939 3253 978 3292 ex
994 3232 1103 3292 duode-

204 3315 263 3373 cim
278 3315 399 3394 populis
414 3313 616 3386 communiter
631 3320 731 3372 creato
753 3331 823 3390 rege
844 3313 979 3391 singulos
992 3313 1104 3392 'singuli

204 3395 311 3476 populi
324 3395 446 3456 lictores
459 3392 608 3452 dederint.
