2568 3782
182 229 247 298 158
352 245 443 293 'rrr1
470 231 566 295 u1v1
593 245 649 294 aa
674 245 789 294 vana
818 247 1009 294 oonmrn

235 404 352 478 hamus,
367 405 560 465 scandentem
576 404 696 465 moenia
711 405 870 465 Romanae
890 404 1028 466 coloniae
1049 403 1141 465 Han·

235 486 370 546 nibalem
392 485 466 544 lenti
487 488 675 564 spectamus!
714 485 831 545 Fumus
851 507 891 545 ex
911 486 1063 546 incendiis
1084 485 1141 546 vil·

236 567 336 626 larum
358 585 560 644 agrorumque
580 567 612 625 in
634 566 737 626 oeulos
757 577 849 644 atque
870 586 924 626 ora
942 567 1045 638 venit;
1068 575 1142 626 stro·

236 656 315 726 punt
335 666 423 706 aures
442 645 624 706 elamoribus
644 646 831 724 plorantium
846 647 1004 720 sociorum,
1018 646 1142 725 saepius

189 725 223 791 ’.5
237 736 371 787 nostram
392 746 484 804 quam
506 727 630 786 deorum
652 727 862 786 invocantium
884 746 987 804 opem3
1013 747 1068 786 nos
1091 727 1141 786 hie

237 827 380 888 pecorum
406 807 494 866 modo
518 826 572 884 per
595 807 725 866 aestivos
749 806 845 866 saltus
867 807 1030 884 deviasque
1052 807 1142 866 callis

237 888 406 948 exercitum
434 886 728 959 ducimusconditi
750 885 882 946 nubibus
909 886 1065 965 silvisque.
1108 885 1141 946 Si

236 968 295 1028 hoc
310 967 399 1028 modo
413 967 604 1045 peragrando
619 967 779 1026 cacumina
795 965 950 1046 saltusque
966 967 1009 1027 M.
1026 967 1141 1026 Furius

237 1048 371 1127 recipere
398 1067 417 1107 a
444 1045 545 1106 Gallis
573 1045 679 1105 urbem
706 1046 941 1127 voluissetque
966 1047 1017 1107 hio
1043 1065 1141 1107 novus

186 1133 224 1194 10
238 1127 396 1200 Camillus,
423 1126 511 1188 uobis
539 1126 671 1186 dictator
699 1128 807 1186 unicus
834 1128 867 1186 in
895 1127 985 1187 rebus
1011 1125 1141 1188 adfectis

237 1209 399 1288 quaesitus,
421 1207 548 1268 Italiam
572 1205 612 1267 ab
636 1205 817 1266 Hannibale
840 1227 1020 1287 recuperare
1040 1217 1141 1286 parat,

238 1289 398 1349 Gallorum
414 1289 514 1348 Roma
527 1298 714 1366 esset,quam
730 1307 896 1360 versurae,
912 1289 955 1348 sio
970 1287 1142 1347 cunctanti·

237 1368 293 1429 bus
314 1369 409 1440 nobis,
431 1368 605 1428 Hannibali
627 1387 664 1427 ao
685 1367 794 1428 Poenis
814 1368 925 1428 totiens
949 1368 1142 1430 servaverint

238 1450 365 1528 majores
386 1449 489 1509 nostri.
531 1448 591 1509 Sed
606 1449 655 1508 vir
675 1469 711 1508 ac
733 1468 803 1508 vere
825 1448 990 1522 Romanus
1010 1469 1072 1527 quo
1093 1449 1142 1507 dia

186 1535 224 1596 15
239 1530 417 1590 dictatorem
438 1549 505 1589 eum
529 1549 567 1588 ex
588 1530 771 1589 auctoritate
790 1538 912 1607 patrum
930 1529 1078 1608 jussuque
1092 1549 1142 1608 po·

238 1610 304 1689 puli
319 1609 435 1670 dictum
450 1609 544 1670 Veios
558 1609 688 1669 allatum
702 1609 756 1682 bat,
772 1630 841 1669 cum
856 1619 933 1674 esset
948 1610 1022 1668 satis
1041 1610 1141 1669 altum
1158 1619 1161 1622 ⁴

238 1689 426 1762 Janioulum‚
439 1690 491 1749 ubi
505 1690 831 1769 sedcnsfprospectaret
845 1691 970 1763 hostem,
985 1689 1142 1750 descendit

238 1770 270 1830 in
284 1790 399 1843 aecum,
411 1780 502 1848 atque
516 1771 571 1830 illo
585 1771 650 1850 ipso
664 1771 713 1830 die
728 1771 828 1830 media
842 1772 874 1830 in·
889 1771 973 1843 urbe,
984 1791 1045 1850 qua
1060 1788 1142 1830 nuno

238 1850 328 1911 busta
342 1849 465 1912 Gallica
478 1860 558 1923 suut,
567 1861 598 1912 et
612 1863 730 1930 postero
745 1852 794 1911 die
809 1852 886 1912 citra
900 1852 1015 1912 Gabios
1029 1851 1142 1910 cecidit

186 1935 225 1998 20
239 1930 400 1992 Gallorum
421 1931 562 2009 legiones
605 1932 711 2008 Quid?
732 1941 799 2011 post
820 1933 932 1993 multos
952 1947 1050 1992 annos
1065 1951 1141 1992 *cum

237 2011 277 2071 ad
293 2011 443 2071 Furculas
458 2011 613 2072 Caudinas
633 2011 672 2072 ab
693 2013 936 2074 samnite-hoste
956 2008 1142 2092 subjugum

238 2091 321 2152 missi
335 2113 447 2165 sumus,
462 2101 565 2152 utrum
580 2093 703 2154 tandem
719 2094 914 2174 L.'Papirius
935 2093 1047 2155 Cursor
1064 2095 1142 2174 juga

185 2234 189 2244 ,
238 2171 356 2232 Samnii
381 2173 602 2251 perlustrando,
624 2194 664 2234 an
689 2175 852 2234 Luceriam
877 2175 1042 2254 premendo
1065 2176 1141 2234 obsi·

239 2252 396 2330 dandoque
416 2262 447 2313 et
467 2253 640 2315 lacessendo
661 2255 807 2316 victorem
833 2253 957 2330 hostem,
978 2255 1142 2335 depulsum

186 2337 225 2399 25
239 2332 278 2392 ab
304 2333 450 2392 Romanis
471 2335 641 2396 cervicibus
662 2337 772 2415 jugum
793 2337 923 2416 superbo
943 2337 1076 2398 Samniti
1098 2336 1143 2394 in-

239 2414 360 2492 posuit?
401 2414 493 2474 Modo
508 2414 541 2476 0.
557 2415 684 2478 Lutatio
704 2438 782 2496 quae
803 2418 865 2478 alia
885 2438 932 2478 res
953 2437 1045 2497 quam
1068 2417 1143 2478 cele·

239 2495 314 2554 ritas
326 2495 485 2556 victoriam
500 2496 604 2558 dedit?
625 2498 706 2577 quod
721 2507 839 2576 postero
854 2499 903 2558 die
917 2519 1009 2578 quam
1024 2499 1144 2558 hostem

239 2574 328 2647 vidit,
343 2575 468 2635 classem
490 2597 615 2654 gravem
638 2579 865 2652 commeatibus,
886 2579 1056 2657 inpeditam
1077 2598 1143 2638 suo·

239 2664 302 2715 met
330 2656 426 2734 ipsam
454 2657 655 2718 instrumento
683 2670 775 2738 atque
802 2660 962 2738 adparatu,
984 2659 1142 2738 oppressit·

187 2740 226 2802 30
240 2735 379 2796 Stultitia
393 2747 437 2798 est
450 2738 580 2798 sedendo
596 2748 650 2800 aut
656 2741 739 2800 votis
753 2739 900 2799 debellari
912 2740 1034 2800 credere
1047 2759 1142 2819 posse.

239 2815 340 2876 Arma
362 2819 463 2898 capias
484 2828 602 2897 oportet
622 2829 653 2880 et
673 2820 836 2880 descendas
859 2820 891 2879 in
914 2840 1020 2879 aecum
1043 2830 1075 2880 et
1094 2819 1144 2882 vir

239 2917 310 2957 oum
326 2897 394 2959 viro
414 2900 628 2977 congrediaris.
671 2900 824 2961 Audendo
845 2910 937 2979 atque
957 2900 1084 2978 agendo
1097 2916 1144 2960 res

240 2977 381 3061 Romana
395 2981 500 3052 crevit,
509 3001 570 3040 non
585 2981 632 3040 his
646 2980 789 3060 segnibus
800 2981 941 3054 consiliis
952 2980 1144 3060 quaetimidi

239 3070 329 3119 cauta
345 3059 482 3118 vocant.’'

187 3140 226 3203 35
281 3139 368 3199 Haeo
384 3139 468 3199 velut
483 3140 672 3200 contionanti
686 3140 824 3200 Minucio
839 3139 1144 3202 circumfundebatur

240 3219 432 3279 tribunorum
458 3219 653 3298 equitumque
669 3222 886 3280 Romanorum
911 3220 1088 3292 multitudo,
1114 3231 1144 3281 et

240 3300 279 3358 ad
295 3318 382 3357 aures
396 3319 516 3376 quoque
529 3301 663 3359 militum
678 3301 762 3360 dicta
775 3301 888 3360 ferocia
902 3300 1143 3372 evolvebantur}

240 3399 285 3448 ao,
295 3379 319 3436 si
334 3377 475 3436 militaris
490 3379 627 3456 suffragii
642 3399 690 3438 res
702 3389 785 3448 esset,
796 3381 884 3441 haud
892 3381 984 3441 dubie
991 3381 1144 3454 terebant,

240 3455 413 3516 Minucium
427 3456 525 3516 Fabio
539 3458 646 3518 ducem
661 3459 860 3538 praelaturos·
917 3481 928 3493 ·’
