2562 3788
442 193 575 240 meaa
601 194 717 258 xx11,
746 176 874 250 59-60.
1087 178 1152 246 203

200 353 292 427 blic0,
314 350 368 412 alii
389 350 507 410 nullam
529 349 651 430 publice
673 351 829 430 inpensam
851 349 1022 410 faciendam
1043 371 1099 414 nee

200 433 404 514 prohibendos
422 453 461 492 cx
474 432 594 511 privato
616 431 740 504 redimi;
761 431 787 490 si
808 431 919 510 quibus
940 441 1099 510 argentum

200 515 233 574 in
254 513 425 594 praesentia
446 513 568 584 deesset,
587 512 720 572 dandam
742 532 780 572 ex
802 512 919 572 aerario
939 513 1099 591 pecuniam

199 606 339 655 mutuam
357 593 580 674 praedibusque
593 612 629 653 ac
644 593 774 671 praediis
795 593 964 653 cavendum
986 594 1100 673 populo

200 684 365 748 censerent,
394 683 459 733 tum
487 673 521 733 T.
550 673 686 732 Manlius
713 672 892 751 Torquatus,
918 694 1034 752 priscae
1062 696 1098 736 ac
1133 674 1152 735 5

199 757 290 816 nimis
304 755 408 828 durae,
419 763 455 814 ut
468 754 621 833 plerisque
631 751 801 825 videbatur,
816 755 993 829 severitatis,
1008 755 1099 816 inter·

199 848 323 915 rogatus
337 834 517 895 sententiam
532 835 578 895 ita
589 834 707 898 locutus
721 834 834 894 fertur:

237 922 257 948 “
267 917 299 977 si
314 915 525 976 tantummodo
541 914 743 994 postulassent
757 915 849 993 legati
866 935 920 995 pro
937 916 983 990 iis,
997 917 1051 996 qui
1065 918 1098 978 in

198 997 332 1058 hostium
352 1005 501 1076 potestate
520 1004 600 1068 sunt,
615 1004 651 1054 ut
671 995 899 1070 redimerentur,
919 997 984 1058 sine
1006 999 1098 1060 ullius

197 1078 394 1138 insectatione
403 1099 508 1138 eorum
520 1077 605 1138 brevi
618 1077 798 1136 sententiam
812 1077 1008 1156 peregissem
1023 1080 1097 1158 quid
1113 1079 1153 1141 10

198 1159 277 1218 enim
299 1157 384 1218 aliud
405 1179 498 1236 quam
518 1157 702 1218 admonendi
722 1157 833 1231 essetis,
847 1168 882 1217 ut
903 1176 1017 1220 morem
1038 1169 1097 1221 tra-

196 1239 295 1298 ditum
310 1259 330 1299 a
344 1238 481 1318 patribus
502 1239 668 1299 necessario
682 1238 721 1298 ad
737 1258 799 1298 rem
815 1238 977 1300 militarem
998 1261 1098 1300 exem·

190 1319 247 1398 plo
272 1319 455 1381 servaretis?
495 1319 594 1380 Nuncv
616 1328 726 1391 autem,
754 1339 824 1379 curn
852 1340 946 1400 prope
972 1321 1096 1400 gloriati

194 1401 264 1473 sint,
287 1400 368 1478 quod
389 1421 420 1460 se
441 1385 577 1462 hostibus
599 1400 780 1473 dediderint,
801 1400 1008 1480 praeferrique
1034 1423 1096 1463 non

153 1493 155 1497 ’
195 1481 292 1560 captis
313 1482 403 1542 modo
423 1483 455 1542 in
477 1483 542 1542 acie
562 1481 602 1542 ab
624 1480 768 1554 hostibus
789 1481 955 1542 sedetiam
975 1482 1021 1556 iis,
1042 1484 1095 1563 qui
1111 1485 1149 1546 15

194 1561 363 1621 Venusiam
389 1562 615 1642 Canusiumque
636 1571 848 1642 pervenerunt,
869 1572 960 1641 atque
980 1563 1039 1642 ipsi
1059 1563 1093 1624 Ο.

193 1641 339 1702 Terentio
357 1645 474 1721 consuli
496 1665 602 1704 aecum
624 1642 804 1715 censuerint,
819 1643 897 1703 nihil
913 1663 966 1704 vos
980 1664 1093 1718 eorum,

193 1732 293 1801 patres
307 1726 479 1804 conscripti,
490 1745 568 1805 quae
581 1725 647 1785 illic
661 1733 732 1784 acta
745 1733 825 1797 sunt,
834 1725 974 1804 ignorare
985 1724 1093 1804 patiar.

192 1801 296 1882 Atque
324 1807 442 1866 utinam
471 1807 555 1881 haec,
580 1827 658 1886 quae
686 1814 761 1884 aput
787 1826 840 1866 vos
867 1815 990 1865 acturus
1017 1825 1094 1878 rum,

193 1883 305 1945 Canusi
339 1895 415 1966 aput
450 1889 549 1968 ipsum
583 1887 751 1948 exercitum
787 1905 916 1964 agerem,
944 1885 1094 1964 optimum
1108 1888 1148 1950 20

191 1973 296 2025 testem
325 1969 467 2048 ignaviae
497 1971 641 2048 cujusque
665 1977 696 2028 et
716 1967 848 2038 virtutis,
869 1974 924 2026 aut
943 1986 1021 2026 uuus
1043 1966 1093 2026 hic

190 2047 298 2106 saltem
322 2050 440 2111 adesset
464 2050 499 2111 P.
526 2049 729 2128 Sempronius,
754 2067 845 2126 quem
868 2047 893 2106 si
915 2047 965 2106 isti
985 2046 1093 2107 ducem

190 2129 285 2186 secuti
307 2140 413 2204 essent,
434 2131 547 2191 milites
569 2131 659 2190 hodie
680 2129 711 2188 in
734 2129 839 2188 castris
859 2127 1015 2199 Romanis,
1032 2148 1094 2187 non

191 2209 306 2286 captivi
326 2210 358 2270 in
380 2212 513 2272 hostium
534 2220 683 2291 potestate
703 2219 809 2271 essent.
850 2208 902 2268 Set
917 2229 995 2281 cum,
1010 2207 1093 2268 fessis

189 2291 354 2367 pugnando
376 2291 521 2366 hostibus,
544 2301 609 2352 tum
631 2293 761 2354 victoria
783 2290 871 2351 laetis
890 2298 920 2350 et
941 2289 1012 2368 ipsis
1031 2288 1093 2367 ple·
1107 2289 1146 2351 25

189 2369 290 2448 risque
311 2373 450 2450 regressis
471 2375 503 2433 in
525 2382 625 2434 castra
649 2393 714 2445 sua,
735 2381 855 2433 noctem
875 2371 914 2431 ad
936 2389 1092 2449 erumpen-

189 2448 262 2508 dum
278 2450 406 2512 liberam
420 2453 606 2527 habuissent,
622 2463 653 2514 et
665 2462 779 2532 septem
799 2452 885 2512 milia
905 2460 1093 2512 armatorum

187 2529 345 2592 hominum
366 2551 522 2612 erumpere
550 2532 642 2591 etiam
664 2553 722 2610 per
742 2532 890 2594 confertos
910 2531 1009 2594 hostes
1029 2553 1094 2613 pos

187 2619 261 2684 sent,
283 2631 379 2690 neque
399 2633 453 2690 per
472 2633 503 2672 se
523 2611 581 2690 ipsi
602 2611 634 2671 id
654 2612 752 2672 facere
772 2613 872 2672 conati
900 2620 971 2672 sunt
997 2632 1093 2692 neque

186 2690 282 2751 alium
307 2693 392 2772 sequi
417 2693 588 2755 voluerunt.
623 2691 730 2754 ‘Nocte
753 2714 846 2773 prope
867 2701 933 2754 tota
954 2692 988 2752 P.
1009 2691 1091 2752 Sem·
1105 2692 1145 2754 30

186 2773 311 2849 pronius
326 2773 497 2834 Tuditanus
512 2795 573 2834 non
588 2775 705 2834 destitit
720 2794 849 2846 monere,
861 2773 1017 2834 adhortari
1032 2793 1090 2846 eos,

186 2850 259 2910 dum
288 2855 425 2932 paucitas
452 2855 584 2915 hostium
614 2855 695 2915 circa
724 2865 831 2928 castra,
853 2855 925 2915 dum
948 2854 1033 2932 quies
1053 2873 1090 2913 ac

185 2931 342 2993 silentium
364 2944 447 3007 esset,
463 2935 535 2995 dum
557 2955 620 2994 nox
642 2937 796 3014 inceptum
819 2944 919 3014 tegere
937 2942 1044 3013 posset,
1059 2953 1090 2994 se

185 3011 294 3072 ducem
315 3025 527 3093 sequerentur:
555 3025 637 3075 ante·
654 3015 753 3075 lucem
782 3016 941 3094 pervenire
965 3015 996 3073 in
1022 3022 1089 3074 tuta

184 3090 260 3163 loca,
283 3095 316 3152 in
336 3095 486 3155 sociorum
511 3095 602 3156 urbes
626 3113 718 3174 posse.
761 3095 802 3168 Si,
824 3106 859 3155 ut
880 3115 1008 3156 avorum
1030 3115 1088 3154 me·
1104 3093 1141 3155 35

184 3173 282 3232 moria
303 3172 337 3234 P.
360 3173 473 3234 Decius
495 3175 635 3235 tribunus
657 3176 789 3235 militum
809 3177 840 3235 in
855 3175 988 3248 Samnio,
1003 3175 1038 3247 si,
1054 3184 1088 3234 ut

183 3251 271 3312 nohis
286 3253 532 3314 adulescentibus
547 3257 645 3334 priore
660 3254 779 3315 Punico
801 3254 880 3315 bello
902 3255 1087 3334 Calpurnius

183 3330 327 3394 Flamma
347 3335 488 3394 trecentis
502 3335 694 3407 voluntariis,
709 3355 778 3394 eum
801 3335 846 3395 ad'
862 3335 1016 3394 tumulum
1037 3353 1086 3394 eta

183 3412 365 3490 capiendum
386 3415 476 3474 situm
500 3415 579 3475 inter
600 3415 715 3474 medios
734 3414 858 3474 duceret
879 3413 983 3485 hostis,
1004 3413 1086 3472 dixit

183 3493 386 3569 “moriamur,
410 3495 531 3569 milites,
552 3503 583 3554 et
606 3501 703 3554 morte
726 3502 830 3553 nostra
858 3493 1022 3572 eripiamus
1045 3512 1085 3552 ex
1099 3493 1140 3557 40
