2520 3784
157 237 200 304 52
325 252 989 302 r1r1n1v1navnnaconu1rn
1089 286 1094 298 .

208 411 310 492 inquit
331 412 368 484 ei,
386 432 475 492 quern
493 411 630 552 primum
651 412 831 474 sententiam
854 412 991 493 rogabat,
1007 415 1118 494 “quid

209 493 357 554 censesl’'
391 492 491 552 Turni
505 493 549 554 le:
566 500 583 525 ‘⁶
592 514 668 573 puro
682 495 793 573 pioque
807 494 909 555 duello
925 497 1118 574 quaerendas
1135 543 1137 548 .

209 573 324 648 censeo,
338 573 442 653 itaque
455 575 610 635 consentio
624 574 864 669 consciscoqpe3}
905 575 984 636 Inda
1006 577 1118 636 ordine

208 653 264 715 alii
283 653 490 734 rogabantur3
511 654 694 734 quaudoque
714 676 785 734 pars
806 675 902 735 major
923 676 1037 730 eorum,
1059 657 1117 736 qui

72 803 77 812 .
176 733 195 794 5
209 733 347 809 aderant,
360 735 392 794 iu
408 736 535 795 eandem
549 735 732 795 sententiam
746 735 821 808 ibat,
833 735 947 796 bellum
963 746 1029 798 erat
1044 757 1117 796 con·

208 834 337 876 sensum.
379 815 464 876 Fieri
483 815 618 888 solitum,
636 824 671 875 ut
690 815 805 876 fetialis
824 815 943 876 hastam
965 817 1116 878 ferratam

208 904 263 955 aut
277 896 473 975 sanguineam
488 904 662 975 praeustam
683 896 723 956 ad
744 896 818 957 fines
838 917 942 958 eorum
959 897 1053 959 ferret
1071 907 1114 972 et,

207 995 270 1036 non
297 976 398 1036 minus
425 977 522 1038 tribus
549 976 715 1056 puberibus
739 977 958 1056 praesentibus,
980 978 1113 1040 diceret:

34 1111 42 1120 ,,
121 1099 143 1112 ..
209 1056 317 1134 “quod
351 1056 458 1136 populi
492 1057 667 1119 Priscorum
701 1056 884 1118 Latinorum
914 1058 1115 1138 hominesque

156 1135 195 1196 10
209 1136 306 1196 Prisci
316 1136 423 1197 Latini
436 1137 582 1199 adversus
592 1137 741 1217 populum
753 1138 927 1199 Romanum
940 1138 1114 1216 Quiritium

207 1216 353 1290 facerunt,
375 1217 578 1298 deliquerunt,
600 1219 681 1297 quod
702 1219 835 1298 populus
857 1219 1012 1280 Romanus
1036 1220 1115 1298 Qui-

208 1297 313 1358 ritium
336 1297 451 1358 bellum
472 1319 542 1359 curn
564 1298 676 1360 Priscis
697 1299 818 1360 Latinis
834 1300 926 1379 jussit
940 1320 1011 1374 esse,
1026 1321 1114 1362 sena·

206 1387 315 1458 tueque
335 1379 441 1458 populi
463 1379 595 1440 Romani
611 1380 781 1457 Quiritium
802 1380 930 1453 censuit,
951 1383 1112 1456 consensit,

208 1459 364 1532 conscivit,
384 1468 420 1519 ut
441 1459 557 1520 bellum
582 1481 653 1521 cum
678 1461 790 1520 Priscis
814 1460 935 1522 Latinis
955 1460 1048 1534 fieret,
1071 1463 1112 1523 ob

155 1538 193 1598 15
207 1559 274 1599 eam
295 1560 360 1599 rem
377 1560 432 1618 ego
449 1541 641 1620 populusque
666 1541 824 1601 Romanus
847 1540 969 1620 populis
994 1541 1114 1604 Prisco-

207 1639 276 1679 rum
290 1619 472 1682 Latinorum
488 1620 722 1701 hominibusque
733 1621 846 1682 Priscis
860 1622 981 1682 Latinis
995 1622 1112 1685 bellum

206 1699 310 1761 indico
331 1701 498 1780 facioque.”
540 1701 579 1762 Id
603 1700 658 1761 ubi
681 1702 818 1775 dixisset,
839 1703 959 1763 hastam
982 1704 1015 1762 in
1035 1703 1113 1766 fines

207 1799 312 1842 eorum
326 1781 494 1844 emittebat.
538 1782 696 1844 Hostum
717 1782 807 1842 modo
828 1783 868 1842 ab
889 1783 1009 1844 Latinis
1025 1804 1111 1864 repe-

206 1863 281 1924 titae
296 1883 342 1923 res
355 1883 392 1923 ac
407 1862 523 1924 bellum
544 1864 706 1938 indictum,
721 1881 896 1942 moremque
910 1884 979 1924 eum
998 1865 1112 1944 posteri

153 1944 193 2005 20
206 1953 396 2022 acceperunt.
669 1953 671 1957 ’

246 2023 411 2084 XXXIII.
453 2024 569 2097 Ancus,
584 2024 770 2086 demandata
791 2043 866 2085 cura
885 2044 1040 2086 sacrorum
1057 2025 1112 2087 fla·

206 2103 341 2164 minibus
367 2106 635 2184 sacerdotibusque
662 2105 742 2179 aliIs,
768 2105 904 2166 exercitu
933 2126 1013 2167 novo
1040 2127 1111 2166 con-

206 2185 327 2263 scripto,
349 2184 503 2264 profectus
524 2185 717 2259 Politorium,
738 2185 846 2247 urbem
867 2185 1060 2260 Latinorum,
1074 2188 1109 2249 vi

208 2265 306 2343 cepit3
327 2277 506 2345 secutusque
531 2286 645 2326 morem
668 2285 774 2346 regum
799 2266 945 2346 priorum,
968 2267 1110 2346 quirem

154 2345 192 2406 25
208 2344 379 2413 Romanam
394 2355 547 2407 auxerant
567 2346 705 2406 hostibus
727 2347 759 2406 in
780 2347 938 2409 civitatem
959 2347 1111 2426 accipien-

207 2425 263 2497 dis,
276 2426 504 2486 multitudinem
516 2447 634 2487 omnem
648 2427 778 2487 Romam
791 2427 940 2487 traduxit.
982 2427 1024 2488 Et
1039 2448 1111 2488 cum

207 2505 288 2566 eirca
308 2505 474 2580 Palatium,
488 2507 589 2567 sedem
604 2515 742 2568 veterum
765 2507 984 2581 Romanorum,
1001 2507 1110 2568 Sabini

206 2585 394 2665 Capitolium
419 2596 512 2666 atque
532 2607 643 2661 arcem,
668 2586 807 2649 (laelium
832 2596 966 2649 montem
990 2587 1112 2650 Albani

206 2667 379 2747 implessent,
406 2667 598 2729 Aventinum
633 2687 730 2729 novae
764 2668 958 2729 multitudini
991 2668 1110 2731 datum.

153 2747 193 2808 30
207 2746 318 2808 Additi
338 2747 444 2808 eodem
464 2749 541 2809 haut
561 2749 606 2809 ita
626 2748 724 2809 multo
742 2758 820 2830 post,
835 2749 968 2810 Tellenis
983 2749 1112 2811 Ficana-

207 2848 265 2908 que
279 2829 385 2907 captis,
399 2829 471 2891 novi
487 2830 574 2891 clves.

246 2908 429 2970 Politorium
464 2910 536 2970 inde
570 2930 673 2971 rursus
707 2909 789 2972 bello
824 2912 997 2991 repetitum,
1024 2912 1110 2992 quod

206 3009 337 3050 vacuum
365 3000 589 3069 occupaverant
616 2991 714 3052 Prisci
743 2991 866 3065 Latini;
894 3013 991 3072 eaque
1018 3014 1113 3054 causa

206 3069 372 3130 diruendas
387 3070 470 3131 urbis
481 3072 545 3151 ejus
555 3069 614 3132 fuit
626 3071 782 3145 Romanis,
794 3092 831 3132 ne
845 3073 978 3133 hostium
992 3094 1113 3152 semper

153 3147 192 3208 35
207 3150 433 3229 receptaculum
464 3162 548 3214 esset.
590 3153 746 3213 Postremo
775 3153 857 3213 omni
885 3152 968 3213 bello
995 3155 1111 3216 Latino

207 3229 390 3290 Medulliam
411 3232 565 3310 conpulso,
587 3233 778 3312 aliquamdiu
801 3233 844 3292 ibi
867 3233 969 3295 Marte
993 3235 1111 3297 incerto

206 3310 294 3370 varia
322 3311 452 3372 victoria
482 3321 653 3390 pugnatum
681 3322 741 3374 est:
777 3333 849 3373 narn
877 3323 907 3374 et
934 3315 1006 3375 urbs
1042 3325 1112 3377 tum

206 3389 427 3450 munitionibus
454 3392 666 3471 praesidioque
693 3393 817 3454 firmata
843 3393 948 3454 valido
973 3403 1047 3467 erat,
1069 3405 1110 3468 et,

207 3470 312 3530 castris
326 3469 358 3529 in
373 3479 479 3550 aperto
492 3472 606 3550 positis,
615 3473 798 3552 aliquotiens
812 3474 964 3535 exercitus
978 3474 1111 3536 Latinus
