2520 3784
451 243 581 292 mnan
605 243 630 308 1,
658 226 710 291 57.
1038 225 1080 292 77

119 403 192 465 inde
213 403 356 475 Romam,
376 400 429 462 ubi
450 401 594 464 adversus
616 400 749 462 Rutulos
770 399 886 462 bellum
906 420 1005 462 summ

119 485 152 548 vi
169 482 347 562 parabatur.
1000 509 1003 515 ⁴

160 562 269 625 LVII.
312 562 449 622 Ardeam
470 562 580 622 Rutuli
602 561 766 635 habebant,
780 582 862 642 gens,
882 572 915 622 ut
936 563 968 622 in
989 583 1026 624 ea

121 646 245 724 regione
258 652 351 722 atque
366 645 397 701 in
412 663 449 703 ea
463 653 570 715 aetate,
580 643 695 702 divitiis
708 643 914 721 praepollens;
930 663 1025 722 eaque

120 727 187 804 ipsa
202 744 295 784 causa
320 723 392 783 belli
418 723 486 795 fuit
510 721 590 801 quod
614 743 669 782 rex
692 722 850 784 Romanus
871 744 940 784 cum
961 725 1024 802 ipse
1058 723 1078 784 5

120 805 224 878 ditari,
240 805 407 864 exhaustus
428 803 654 882 magnificentia
674 803 867 883 publicorum
887 824 1022 883 operum,

120 896 184 948 tum
211 885 326 964 praeda
351 885 485 945 delenire
512 884 706 964 popularium
728 885 845 945 animos
872 884 1023 958 studebat,

119 977 242 1048 praeter
263 967 357 1026 aliam
377 965 550 1044 superbiam
571 986 663 1044 regno
685 965 807 1026 infestos
827 965 928 1037 etiam,
943 965 1024 1045 quod

119 1069 150 1109 se
164 1049 198 1107 in
212 1047 370 1108 fabrorum
386 1047 560 1108 ministeriis
581 1067 617 1108 ac
638 1047 743 1108 servili
758 1056 819 1107 tam
836 1046 887 1106 diu
904 1046 1023 1108 habitos

118 1149 211 1209 opere
233 1129 273 1189 ab
295 1149 365 1208 rege
387 1128 636 1208 indignabantur.
678 1127 839 1206 Temptata
861 1148 907 1190 res
930 1136 983 1201 est,
997 1128 1023 1190 si
1037 1127 1077 1190 10

117 1210 219 1290 primo
240 1210 357 1288 impetu
379 1210 447 1288 capi
462 1210 566 1270 Ardea
581 1219 695 1288 posset;
717 1209 769 1269 ubi
784 1209 815 1269 id
831 1229 940 1288 parum
954 1229 1022 1288 pro·

117 1292 217 1362 cessit,
227 1291 384 1352 obsidione
395 1291 675 1370 munitionibusque
689 1291 786 1370 coepti
801 1290 898 1370 premi
913 1290 1020 1351 hostes.

116 1371 155 1432 In
171 1373 221 1432 his
238 1373 368 1445 stativis,
382 1381 417 1432 ut
438 1372 473 1432 fit
495 1373 586 1452 longo
608 1373 705 1452 magis
729 1392 820 1451 quam
843 1371 907 1432 acri
929 1370 1020 1444 bello,

114 1455 191 1514 satis
207 1453 297 1514 liberi
313 1464 496 1514 commeatus
510 1464 606 1528 erant,
615 1453 799 1532 primoribus
811 1463 912 1514 tamen
925 1451 1021 1532 magis

116 1555 212 1614 quam
224 1535 372 1594 militibus
384 1556 391 1608 ;
406 1537 481 1616 regii
492 1536 612 1615 quidem
620 1537 749 1614 juvenes
760 1534 914 1596 interdum
925 1533 1020 1594 otium
1036 1533 1074 1592 15

115 1615 269 1678 conviviis
284 1615 589 1696 comisationibusque
603 1617 727 1678 interae
741 1616 889 1678 terebant.

156 1695 253 1757 Forte
266 1697 441 1777 potantibus
456 1698 503 1758 his
517 1699 598 1777 apud
613 1698 682 1758 Sex.
698 1697 907 1778 Tarquinium,
922 1696 975 1757 ubi
990 1705 1020 1755 et

115 1775 292 1838 Collatinus
313 1777 442 1839 cenabat
462 1779 654 1858 Tarquinius,
674 1779 779 1858 Egerii
801 1777 891 1850 filius,
909 1778 1019 1838 incidit

114 1860 154 1920 de
178 1858 327 1928 uxoribus
350 1859 471 1922 mentio.
513 1859 606 1921 Suam
632 1860 758 1939 quisque
783 1858 909 1920 laudare
934 1859 1018 1920 oriris

115 1939 233 2012 modis;
268 1940 339 2000 inde
369 1940 535 2002 certamine
569 1961 701 2014 accenso,
729 1939 899 2001 Collatinus
926 1948 1018 2018 negat
1033 1939 1072 2000 20

115 2019 218 2080 verbis
240 2041 315 2099 opus
337 2041 414 2093 esse;
437 2022 542 2102 paucis
557 2021 587 2080 id
603 2022 725 2101 quidem
741 2021 822 2081 horis
838 2041 922 2100 posse
936 2021 1016 2092 sciri,

116 2110 268 2178 quantum
292 2103 399 2162 ceteris
423 2111 554 2181 praestet
579 2102 724 2162 Lucretia
744 2121 807 2162 sua.
838 2106 867 2148 ·“
878 2100 971 2177 Quin,
991 2101 1017 2162 si

115 2181 205 2259 vigor
234 2182 381 2260 juventae
411 2183 497 2256 inest,
527 2182 754 2242 conscendimus
789 2201 880 2260 equos
914 2181 1017 2241 invisi·

116 2281 243 2340 musque
271 2271 441 2340 praesentes
468 2272 640 2324 nostrarum
669 2261 812 2341 ingenia?
846 2261 879 2320 id
907 2262 1017 2340 cuique

115 2343 368 2418 spectatissimum
397 2343 444 2416 sit,
470 2344 550 2422 quod
580 2343 760 2421 necopinato
792 2342 850 2403 viri
880 2342 1015 2402 adventu
1031 2340 1070 2402 25

115 2423 284 2482 occurrerit
304 2423 427 2484 oculis.’'
469 2423 669 2484 Incaluerant
685 2423 775 2496 vino;
798 2427 816 2453 ‘⁴
825 2443 880 2501 age
896 2443 968 2482 sane
980 2424 986 2482 l
998 2422 1015 2449 ''

115 2521 229 2562 omnes.

155 2581 265 2642 (litatis
287 2584 371 2662 equis
393 2583 520 2646 avolant
542 2584 682 2646 Romam.
725 2583 795 2662 Quo
818 2603 887 2644 oum
909 2583 1015 2664 primis

113 2681 145 2722 se
166 2663 394 2724 intendentibus
414 2665 545 2726 tenebris
566 2666 780 2744 pervenissent,
796 2674 927 2745 pergunt
945 2664 1016 2724 inde

113 2741 290 2816 Collatiam,
315 2744 369 2804 ubi
393 2745 568 2806 Lucretiam
597 2747 827 2826 hautquaquam
856 2755 891 2806 ut
918 2747 1015 2824 regias
1029 2744 1070 2808 30

112 2843 218 2895 nurus,
241 2845 316 2903 quas
344 2825 376 2884 in
405 2827 546 2887 convivio
573 2826 710 2906 luxuque
738 2847 807 2886 cum
836 2826 1015 2906 aequalibus

112 2903 257 2964 viderant
283 2914 402 2984 tempus
429 2915 568 2979 terentes,
593 2908 645 2966 sed
674 2916 761 2968 nocte
788 2927 854 2966 sera
878 2907 1013 2966 deditam

111 2982 203 3044 lanae
231 2985 311 3044 inter
339 2985 534 3046 lucubrantes
562 2987 689 3046 ancillas
714 2988 744 3045 in
770 2987 870 3046 medio
891 2988 1013 3046 aedium

109 3064 265 3124 sedentem
280 3065 449 3126 inveniunt.
485 3066 647 3127 Muliebris
662 3067 835 3126 certaminis
845 3067 911 3126 laus
922 3087 1012 3144 penes

110 3143 291 3205 Lucretiam
306 3145 374 3208 fuit.
415 3145 593 3206 Adveniens
604 3147 653 3207 vir
663 3147 881 3225 Tarquiniique
891 3145 1012 3225 excepti
1027 3145 1067 3208 35

109 3223 262 3302 benigne3
283 3226 381 3286 vietor
398 3227 526 3286 maritus
547 3227 673 3286 comiter
687 3227 799 3286 invitat
814 3227 909 3304 regios
925 3227 1012 3305 juve-

109 3324 170 3364 nes
214 3303 264 3372 Ibi
279 3305 348 3366 Sex.
360 3305 561 3385 Tarquinium
576 3305 658 3366 mala
673 3306 768 3367 libido
783 3305 944 3366 Lucretiae
958 3325 1012 3382 per

109 3384 173 3445 vim
187 3385 375 3465 stuprandae
390 3387 473 3464 capit
482 3406 490 3459 ;
511 3405 582 3448 cum
599 3385 698 3462 forma
714 3393 780 3448 tum
800 3393 936 3460 spectata
950 3401 1012 3441 cas·
