2568 3782
1042 123 1106 132 ..ov-.-

158 173 219 270 1'2‘4
283 191 412 267 ''nrrr
444 220 540 268 nrvr
568 220 623 266 aa
650 217 764 268 veen
794 217 985 266 conarri
1008 175 1098 205 μ

209 398 310 438 morae
325 377 405 456 quod
420 377 555 437 nondum
571 384 743 456 pugnarent
763 376 803 436 ad
823 375 967 454 potienda
987 383 1116 454 sperata

208 460 278 532 rati,
293 459 440 538 proelium
456 478 516 516 uno
531 459 633 517 auimo
648 467 677 518 et
693 477 765 518 voce
779 477 841 516 una
856 464 991 535 poscunt.

250 538 372 600 XLVI.
415 537 504 618 Aput
518 537 672 598 Romanos
690 537 920 615 hautquaquam
942 544 1029 596 tanta
1050 535 1115 595 ala-

210 620 300 680 critas
325 628 409 691 erat,
425 638 516 698 super
543 627 643 678 cetera
670 617 843 677 recentibus
870 615 963 676 etiarn
991 616 1115 676 territos

176 700 372 780 bprodigiis;
394 720 465 759 nam
482 708 511 759 et
527 698 616 777 lupus
631 699 800 757 intraverat
815 704 914 756 castra
928 696 1115 774 laniatisque

210 780 307 841 obviis
331 780 395 859 ipse
421 781 551 838 intactus
577 786 722 850 evaserat,
749 787 778 837 et
803 797 930 836 examen
959 797 1054 856 apum
1080 777 1114 835 in

210 858 316 920 arbore
337 861 488 938 praetorio
508 859 684 919 imminente
706 857 890 918 consederat.

250 940 370 1016 Quibus
384 941 563 1018 procuratis,
578 939 681 1017 Scipio
696 958 765 998 cum
781 938 919 1016 equitatu
935 937 1115 1016 jaculatori-

209 1018 326 1098 busque
340 1020 491 1098 expeditis
506 1021 657 1098 profectus
677 1019 716 1078 ad
732 1027 831 1078 castra
845 1017 978 1077 hostium
993 1039 1031 1077 ex
1047 1038 1115 1096 pro-

159 1104 197 1166 10
210 1101 325 1180 pinquo
364 1101 518 1180 copiasque
542 1108 673 1178 quantae
702 1107 732 1159 et
760 1099 845 1178 cujus
866 1099 984 1177 generis
1006 1107 1113 1170 essent,

210 1180 419 1258 speculandas,
435 1179 542 1240 obvius
564 1180 598 1238 fit
619 1179 792 1238 Hannibali
814 1189 843 1239 et
864 1178 923 1256 ipsi
943 1199 1012 1238 curn
1031 1179 1115 1257 equi-

211 1261 291 1320 tibus
317 1261 356 1320 ad
381 1259 571 1338 exploranda
596 1261 677 1320 circa
701 1261 769 1319 loca
795 1279 959 1338 progressa.
1001 1259 1115 1318 Neutri

211 1341 323 1401 alteros
337 1341 436 1420 primo
450 1339 630 1411 cernebant;
653 1341 774 1409 densior
796 1339 906 1400 deinde
928 1341 1045 1400 incessu
1067 1348 1115 1400 tot

211 1421 369 1486 hominum
398 1443 593 1502 equoramque
614 1420 710 1480 oricus
736 1423 838 1500 pulvis
858 1422 981 1500 signum
993 1423 1116 1500 propin-

160 1506 197 1567 15
212 1503 371 1581 quantiam
386 1501 516 1562 hostium
530 1505 598 1564 fuit.
641 1502 787 1563 Consistit
809 1513 972 1582 utrumque
993 1523 1114 1581 agmen,

212 1583 295 1642 etad
310 1582 457 1660 proelium
475 1603 537 1642 sese
555 1583 766 1662 expediebant.
809 1583 910 1662 Scipio
927 1583 1116 1664 jaculatores

202 1657 241 1722 ‘et
256 1661 362 1723 Gallos
379 1664 494 1741 equites
509 1665 539 1721 in
555 1663 655 1723 fronte
670 1664 760 1737 locat,
777 1664 931 1725 Romanos
952 1665 1115 1724 sociorum-

212 1763 270 1821 que
285 1743 365 1820 quod
380 1743 494 1802 roboris
509 1743 568 1803 fuit
583 1744 614 1804 in
629 1745 787 1817 subsidiis;
804 1745 964 1805 Hannibal
980 1745 1116 1806 frenatos

212 1824 326 1902 equites
348 1824 378 1882 in
402 1823 535 1882 medium
560 1825 679 1904 accipit,
702 1846 817 1884 cornua
839 1825 981 1885 Numidis
1002 1825 1115 1886 firmat.

159 1908 199 1969 20
213 1903 353 1965 Vixdum
374 1902 505 1964 clamore
525 1904 654 1977 sublato,
665 1907 850 1984 Jaculatores
872 1906 1017 1984 fugerunt
1034 1906 1117 1965 inter

212 1983 347 2044 subsidia
375 1985 413 2042 ad
442 1985 605 2046 secundam
633 1988 739 2046 aciem.
782 1987 860 2046 Inde
888 1986 1023 2066 equitum
1054 2006 1117 2046 cer·

213 2073 314 2124 tamen
329 2074 395 2123 erat
409 2064 599 2142 aliquamdiu
615 2086 742 2146 anceps;
766 2067 846 2139 dein,
861 2068 934 2145 quia
948 2065 1117 2127 turbabant

212 2164 303 2223 equos
318 2145 431 2222 pedites
452 2146 631 2217 intermixti,
647 2148 753 2208 multis
776 2147 950 2207 labentibus
970 2167 1009 2206 ex
1031 2147 1117 2226 equis

213 2235 267 2284 aut
281 2225 490 2284 desilientibus
512 2226 565 2285 ubi
586 2247 654 2287 suos
673 2228 769 2306 premi
788 2229 1010 2288 circumventos
1024 2227 1117 2287 vidis-

160 2309 198 2370 25
213 2315 288 2377 seut,
299 2305 364 2384 jam
386 2325 498 2383 magna
519 2327 557 2366 ex
579 2317 667 2385 parte
688 2308 728 2368 ad
751 2308 840 2388 pedes
862 2327 965 2386 pugna
979 2315 1116 2379 venerat,

213 2386 307 2446 donec
329 2384 491 2457 Numidae,
513 2387 565 2466 qui
588 2389 619 2447 in
642 2390 783 2449 cornibus
805 2398 901 2460 erant,
919 2385 1117 2446 circumvecti

212 2465 338 2546 paulum
360 2466 399 2525 ab
421 2477 505 2544 tergo
525 2487 556 2528 se
578 2469 783 2529 ostenderunt.
826 2467 857 2528 Is
872 2488 967 2546 pavor
984 2466 1117 2546 perculit

214 2545 376 2618 Romanos,
401 2549 549 2626 auxitque
574 2569 719 2628 pavorem
746 2549 877 2608 corisulis
902 2548 1015 2608 vulnus
1039 2547 1117 2626 peri-

213 2626 377 2704 culumque
401 2627 570 2688 intercursu
597 2631 663 2689 tuin
688 2630 820 2708 primum
842 2627 1033 2708 pubescentis
1059 2627 1118 2686 filii

160 2710 199 2772 30
214 2707 376 2786 pulsatum.

254 2787 317 2846 Hic
332 2797 396 2846 erat
406 2787 536 2865 juvenis,
552 2809 642 2868 penes
657 2810 746 2869 quem
761 2787 889 2868 perfecti
903 2787 1028 2868 hujusce
1042 2787 1118 2848 belli

214 2867 280 2926 laus
295 2877 347 2940 est,
362 2868 529 2928 Africanus
547 2870 586 2929 ob
601 2871 753 2949 egregiam
768 2870 928 2931 victoriam
944 2868 981 2927 de
996 2867 1117 2928 Hanni-

214 2947 282 3006 bale
298 2948 465 3027 Poenisque
481 2949 661 3028 appellatus.
705 2951 795 3028 Fuga
810 2959 912 3009 tamen
927 2949 1021 3007 effusa
1031 2949 1117 3024 jacu-

214 3029 344 3088 latorum
369 3049 511 3088 maxume
532 3030 600 3101 fuit,
617 3051 691 3108 quos
707 3032 818 3108 primos
833 3029 986 3088 Numidae
1001 3029 1118 3086 invase·

162 3111 199 3169 35
214 3117 286 3168 runt
296 3131 302 3179 ;
325 3109 404 3168 alius
426 3110 577 3168 confertus
599 3112 751 3187 equitatus
767 3109 919 3186 consulem
934 3109 964 3166 in
981 3109 1117 3168 medium

215 3189 382 3268 acceptum,
395 3209 455 3247 non
471 3191 563 3248 armis
578 3191 676 3261 modo,
691 3191 742 3248 sed
758 3191 848 3248 ctiam
865 3188 1041 3265 corporibus
1055 3189 1117 3248 suis

214 3280 382 3347 protegens,
405 3270 435 3326 in
462 3279 561 3328 castra
585 3289 734 3347 nusquam
761 3269 878 3346 trepide
902 3288 999 3346 neque
1024 3268 1116 3326 effuse

215 3348 348 3408 cedendo
363 3349 495 3406 reduxit.
537 3348 656 3408 Servati
677 3349 808 3408 consulis
825 3349 916 3408 decus
934 3347 1055 3408 Coelius
1075 3348 1116 3408 ad

214 3447 334 3488 servum
349 3430 472 3487 natione
486 3427 632 3506 Ligurem
647 3428 781 3508 delegat;
803 3429 907 3488 malim
922 3427 1064 3508 equidem
1077 3428 1117 3488 da

159 3531 279 3618 {laba
