2520 3784
455 259 591 308 arasa
618 259 644 323 1,
667 241 754 305 2-3.
1065 235 1108 303 19

144 420 277 480 duorum
300 417 482 498 populorum
497 417 626 488 Aeneas,
642 434 828 495 quamquam
843 421 931 473 tanta
945 409 1053 491 opibus

145 500 273 560 Etruria
289 513 363 570 erat,
376 509 411 557 ut
421 499 486 576 jam
502 517 562 556 non
573 506 669 556 terras
684 494 792 567 solum,
803 494 855 554 sed
868 513 950 552 mare
960 493 1052 552 etiam

144 601 198 659 per
213 591 309 640 totam
326 578 436 638 Italiae
452 577 674 654 longitudinem
690 576 729 636 ab
743 574 876 653 Alpibus
889 573 928 633 ad
940 573 1052 633 fretum

143 661 285 720 Siculum
309 660 393 719 sarna
423 659 553 716 nominis
582 658 629 716 sui
658 655 820 734 implesset,
845 665 958 726 tamen,
983 672 1053 712 cum

145 741 304 801 moenibus
325 739 440 798 bellum
465 737 642 816 propulsare
663 745 770 816 posset,
786 736 818 794 in
839 735 935 794 aciem
952 734 1053 812 copias
1087 732 1107 792 5

143 821 262 881 eduxit.
305 819 477 880 Secundum
506 817 576 876 iude
603 817 753 897 proelium
778 815 908 885 Latinis,
929 814 1052 874 Aeneae

144 903 236 960 etiam
264 900 406 959 ultimum
433 898 609 959 mortalium
636 918 761 976 operum
786 895 853 956 iirit
896 893 978 954 Situs
999 903 1052 966 est,

145 1001 368 1059 quemcumque
379 1000 447 1040 eum
462 979 522 1039 dici
534 980 585 1058 jus
602 979 708 1056 fasque
722 986 775 1050 est,
786 995 876 1055 super
885 973 1052 1034 Numicum

145 1061 294 1133 fluvium;
316 1061 425 1122 lovem
442 1061 614 1138 Indigetem
632 1058 798 1137 appellant.

186 1140 248 1202 III.
291 1141 435 1201 Nondum
458 1154 594 1201 maturus
617 1139 744 1219 imperio
759 1141 909 1200 Ascanius
929 1137 1053 1198 Aeneae
1068 1136 1106 1198 10

144 1221 226 1282 filius
241 1233 316 1294 erat,
328 1234 429 1281 tamen
441 1221 472 1280 id
489 1222 651 1300 imperium
667 1220 749 1280 eiad
764 1219 907 1299 puberem
922 1227 1052 1280 aetatem

145 1303 299 1363 incolume
328 1303 453 1373 mansit3
483 1303 631 1380 tantisper
656 1302 754 1362 tutela
784 1299 926 1360 muliebri
951 1303 1053 1370 (tauta

146 1383 265 1443 indoles
280 1385 312 1442 in
326 1382 459 1442 Lavinia
473 1388 553 1460 erat)
566 1403 613 1442 res
625 1383 739 1442 Latina
750 1391 781 1442 et
795 1402 923 1460 ragnum
934 1381 1052 1440 avitum

145 1474 367 1544 paternumque
376 1483 468 1542 puero
477 1465 570 1522 stetit.
608 1463 703 1522 Haud
714 1462 866 1540 ambigam
879 1461 960 1540 (quis
971 1461 1052 1520 enim

146 1555 288 1604 renatam
304 1555 435 1604 veterem
456 1563 511 1622 pro
534 1552 616 1603 certo
639 1544 814 1620 adfirmetl)
838 1543 939 1602 hicine
959 1541 1106 1602 fuerit15

146 1624 300 1684 Ascanius
314 1645 352 1682 an
367 1625 464 1702 major
483 1645 576 1703 quam
599 1624 657 1695 hic,
675 1625 789 1684 Creusa
810 1635 907 1683 matre
929 1622 988 1682 llio
1009 1622 1053 1682 in-

146 1706 261 1766 columi
286 1717 375 1763 natus
400 1725 559 1783 comesque
580 1704 652 1764 inde
674 1713 819 1784 paternae
841 1703 940 1782 fugae,
962 1721 1052 1781 quem

147 1785 250 1845 Iulum
286 1785 415 1844 cundem
443 1785 531 1846 Julia
555 1806 628 1864 gens
661 1797 814 1845 auctorem
851 1783 1051 1844 nominis-sui

134 1876 312 1944 ,nuncupat
355 1864 386 1924 Is
411 1865 570 1938 Ascanius,
598 1865 784 1944 ubicumque
809 1875 840 1925 et
862 1883 1053 1944 quacumque

146 1957 245 2006 matre
268 1946 387 2023 genitus
414 1947 511 2022 (certe
539 1955 647 2006 natum
669 1947 776 2006 Aenea
802 1944 934 2018 constat)
958 1944 1052 2006 abun·
1067 1945 1107 2006 20

145 2028 238 2086 dante
253 2025 365 2087 Lavini
384 2026 593 2098 multitudine,
609 2026 767 2086 florentem
786 2027 861 2106 jam,
877 2034 911 2084 ut
925 2034 991 2086 turn
1006 2045 1052 2086 res

146 2118 242 2180 erant,
265 2118 356 2185 atque
377 2108 554 2186 opulentam
580 2107 687 2166 urbem
712 2107 804 2165 matri
828 2126 880 2166 seu
905 2125 1053 2166 novercae

146 2188 281 2266 reliquit,
297 2207 407 2247 novam
429 2189 493 2266 ipse
518 2187 612 2246 aliam
637 2187 693 2247 sub
716 2186 840 2246 Albano
862 2196 963 2246 monte
984 2205 1052 2246 coa·

146 2268 236 2340 didit,
255 2288 333 2346 quae
353 2267 392 2326 ab
413 2269 474 2328 situ
496 2277 653 2347 porrectae
675 2268 707 2326 in
728 2267 817 2327 dorso
839 2265 923 2326 urbis
944 2265 1052 2344 Longa

147 2347 230 2407 Alba
246 2347 410 2426 appellata.
1068 2345 1108 2408 25

187 2427 274 2487 Inter·
289 2427 455 2490 Lavinium
470 2438 500 2488 et
513 2429 629 2489 Albam
641 2428 781 2507 Longam
796 2427 959 2488 deductam
975 2425 1053 2488 colo·

147 2509 232 2568 niam
247 2509 375 2587 triginta
390 2511 483 2568 ferme
498 2509 664 2569 interfuere
679 2510 761 2569 anni.
803 2509 937 2570 Tantum
951 2519 1053 2568 tamen

147 2609 217 2669 opes
243 2599 402 2648 creverant
424 2591 558 2648 maxime
578 2589 653 2648 fusis
676 2589 823 2661 Etruscis,
844 2598 879 2648 ut
900 2608 938 2647 ne
958 2597 1054 2647 morte

147 2669 271 2748 quidem
287 2668 410 2728 Aeneae
424 2689 479 2728 nec
495 2669 604 2729 deinde
626 2670 705 2728 inter
726 2669 906 2728 muliebrem
925 2668 1054 2728 tutelam

148 2749 416 2828 rudimentumque
431 2750 564 2828 primum
579 2749 705 2828 puerilis
727 2750 811 2828 regni
828 2769 948 2809 movere
968 2769 1055 2808 arma
1069 2748 1109 2810 30

148 2840 201 2890 aut
221 2828 391 2904 Mezentius
413 2829 597 2909 Etruscique
618 2839 672 2889 aut
693 2829 750 2889 ulli
771 2829 825 2889 alii
847 2829 970 2889 accolae
986 2829 1053 2888 ausi

147 2912 215 2970 sint.
260 2910 328 2969 Pax
357 2910 400 2969 ita
428 2918 621 2982 convenerat,
647 2919 682 2970 ut
707 2910 847 2970 Etruscis
872 2908 1054 2988 Latinisque

147 2991 260 3051 fluvius
288 2990 416 3063 Albula,
446 3011 536 3070 quem
563 3011 646 3051 nuuc
675 2989 811 3052 Tiberim
837 2997 960 3063 vocant,
987 2989 1056 3048 finis

147 3081 232 3133 esset.

187 3151 303 3214 Silvius
325 3152 435 3212 deinde
457 3161 573 3234 regnat,
588 3152 706 3212 Ascani
726 3151 815 3225 filius,
831 3172 903 3212 casu
922 3150 1055 3230 quodam
1069 3151 1109 3211 35

146 3233 179 3291 in
194 3233 281 3295 silvis
296 3243 396 3294 natus.
439 3233 470 3293 Is
485 3239 623 3293 Aeneam
645 3232 776 3294 Silvium
791 3241 890 3294 creat.
906 3231 930 3290 is
945 3231 1056 3290 deiude

149 3313 296 3372 Latinum
313 3309 453 3374 Silvium.
496 3313 548 3372 Ab
563 3335 597 3373 eo
612 3313 750 3373 coloniae
764 3313 882 3390 aliquot
896 3310 1054 3381 deductae,

149 3393 246 3452 Prisci
263 3393 368 3452 Latini
384 3393 542 3473 appellati.
585 3393 702 3452 Mansit
723 3391 828 3452 Silviis
864 3389 1054 3448 osteaomni-

142 3472 397 3552 ebmeogmmen,
409 3473 460 3552 qui
471 3472 575 3532 Albae
588 3481 802 3550 regnaverunt.
874 3469 957 3528 atino
971 3467 1055 3526 Alba
