2568 3782
184 233 227 297 94
350 245 441 292 nrrr
469 242 649 294 n1v1ns
677 241 794 293 vasa
822 240 1017 290 couniri

238 404 325 464 miles
338 400 536 473 Hannibalis,
551 408 683 462 ceterum
697 399 821 480 publica
835 398 1013 477 Saguntinis
1028 398 1150 459 amicus

239 494 331 563 atque
358 482 473 561 hospes.
515 480 642 541 Tradite
669 480 773 560 palam
796 479 857 540 telo
880 478 1058 539 custodibus
1080 479 1151 538 hos-

239 565 327 638 tium,
342 571 543 638 transgressus
564 561 754 621 munimenta
774 559 815 620 ad
836 569 1007 638 praetorem
1028 558 1151 638 Sagun·
1181 601 1231 645 ,Ὦ

240 646 340 707 tinum
359 646 405 722 (et
424 641 488 720 ipse
509 641 554 700 ita
569 640 714 720 jubebat)
724 649 776 701 est
789 639 945 714 deductus.
989 637 1150 724 Quocum
1212 636 1244 720 χ’

208 723 395 802 dextemplo
423 741 586 781 concursus
613 721 711 780 omnis
738 720 856 798 generis
884 718 1045 797 homiuum
1070 725 1152 778 esset

114 837 119 843 ·
201 805 349 877 -·2faotus,
368 802 509 863 submota
533 810 633 860 cetera
657 799 866 873 multitudine,
886 793 1009 860 senatus
1030 797 1150 859 Alorco

241 886 405 956 datusest,
427 883 513 961 cujus
533 881 604 942 talis
624 880 721 942 oratio
742 880 818 941 fuit:
871 873 914 925 ἰ·
933 877 951 906 s

282 962 380 1026 XIII.
421 962 480 1024 “Si
508 961 585 1023 civis
611 960 712 1022 vester
739 960 828 1034 Alco,
855 957 1008 1020 siout'ad
1027 939 1165 1040 bracem]
1270 977 1271 1000 ¹

242 1045 403 1126 petendam
418 1043 457 1103 od
472 1040 683 1102 Hannibalem
694 1041 787 1113 venit,
799 1041 843 1100 ita
856 1041 940 1120 pacis
955 1041 1152 1102 condiciones

191 1126 230 1188 10
243 1125 283 1187 ab
305 1123 483 1184 Hannibale
503 1123 612 1184 advos
633 1120 794 1193 retulisset,
808 1141 1070 1200 supervacaneum
1091 1121 1153 1182 boc

243 1205 319 1266 mihi
347 1204 452 1264 fuisset
478 1203 546 1275 iter,
574 1216 634 1282 quo
662 1221 718 1263 nec
745 1211 848 1262 orator
875 1200 1065 1262 Hannibalis
1093 1220 1152 1262 nec

243 1284 402 1364 transfuga
422 1283 462 1344 ad
484 1303 536 1368 ¹vos
556 1283 644 1355 veni;
665 1282 718 1343 sed
740 1302 809 1342 cum
831 1281 884 1342 ille
904 1292 960 1344 aut
973 1293 1078 1345 vestra
1095 1290 1152 1342 aut

243 1387 299 1427 sua
326 1367 417 1444 culpa
444 1363 589 1424 manserit
616 1363 699 1444 apud
729 1362 844 1424 hostem
875 1365 954 1437 (sua,
978 1362 1003 1423 si
1031 1371 1152 1423 metum

243 1445 410 1518 simulavit,
434 1453 544 1517 vestra,
569 1444 594 1503 si
619 1444 788 1524 periculum
817 1452 863 1503 est
889 1443 973 1523 apud
997 1463 1054 1506 vos
1077 1463 1153 1504 vera

193 1527 232 1590 15
245 1525 469 1598 referentibus),
480 1519 549 1603 ego]
556 1545 594 1584 ne
605 1524 785 1603 ignoraretis
796 1545 858 1584 esse
869 1525 988 1605 aliquas
998 1533 1032 1585 et
1042 1523 1153 1585 salutis

246 1617 276 1668 et
289 1606 372 1746 Bacis
386 1605 472 1666 vobis
493 1605 762 1704 condicionesqpro
777 1614 896 1667 vetusto
911 1605 1053 1685 hospitio,
1069 1603 1153 1684 quod

246 1689 288 1748 mi
312 1688 322 1746 i
335 1685 490 1748 vobiscum
505 1693 558 1758 est,
572 1685 612 1745 ad
627 1705 680 1746 vos
695 1686 773 1764 ageni.
816 1685 928 1748 Vestra
942 1696 1044 1756 autem
1060 1705 1153 1746 causa

246 1789 303 1840 me,
319 1787 373 1826 nec
394 1766 487 1826 ullius
509 1765 643 1838 alterius,
658 1766 743 1846 loqui
758 1787 835 1846 quae
857 1769 964 1848 loquor
986 1768 1070 1848 apud
1088 1789 1153 1841 voa,

246 1847 296 1912 vel
325 1867 361 1908 ea
387 1847 461 1908 fides
488 1846 536 1920 sit,
566 1845 647 1926 quod
675 1865 773 1926 neque
801 1849 874 1908 dnm
900 1850 1008 1911 vestris
1032 1849 1153 1914 viribus

195 1928 518 2008 serenissimoque
539 1927 613 1986 dum
634 1927 754 1988 auxilia
774 1929 813 1990 ab
834 1931 981 1991 Romanis
1001 1933 1152 2011 sperastis,

248 2011 331 2090 pacis
345 2027 489 2086 umquam
504 2007 586 2086 apud
601 2027 655 2069 vos
669 2009 941 2072 montumano:
985 2012 1153 2093 Postquam

248 2110 303 2151 nec
324 2089 364 2150 ab
385 2088 531 2149 Romanis
545 2086 630 2149 vobis
651 2088 716 2148 ulla
737 2100 782 2151 est
802 2111 877 2170 spes,
899 2113 955 2170 nec
976 2103 1078 2156 vestra
1098 2113 1153 2155 ves

251 2172 316 2251 jam
340 2178 395 2230 aut
418 2187 504 2228 arma
527 2176 582 2228 aut
604 2169 723 2229 moenia
748 2172 820 2231 satis
845 2161 1023 2246 defendunt,
1043 2195 1152 2254 pacem
1189 2188 1200 2194 ‘

142 2277 145 2282 ·
250 2251 353 2311 adfero
381 2249 421 2310 ad
449 2268 502 2310 vos
536 2248 632 2326 magis
666 2253 870 2312 necessariam
893 2275 985 2333 quam
1014 2275 1151 2334 aequam.

198 2330 344 2410 ancujus
359 2330 403 2390 ita
417 2328 521 2407 aliqua
539 2347 606 2408 spes
620 2337 673 2402 est,
688 2330 804 2405 sicam,
819 2355 908 2412 quem
924 2335 963 2394 ad
979 2323 1103 2396 modum
1119 2344 1153 2396 ut

251 2412 350 2474 victor
363 2409 421 2470 fert
435 2409 605 2482 Hannibal,
619 2410 663 2470 sic
677 2431 731 2472 vos
745 2421 780 2472 ut
794 2414 869 2474 victi
889 2412 1028 2487 audietis,
1043 2425 1074 2475 et
1093 2435 1153 2476 non

251 2493 282 2551 id
298 2491 378 2570 quod
393 2489 543 2550 amittitur
558 2489 589 2548 in
605 2490 727 2564 damno,
742 2513 812 2552 oum
826 2496 928 2555 omnia
943 2496 1068 2557 victoris
1082 2498 1152 2568 sint,

251 2573 303 2632 sed
323 2569 471 2650 quidquid
493 2569 677 2648 relinquitur
697 2593 753 2650 pro
774 2593 906 2648 munere,
922 2576 1058 2636 habituri
1073 2577 1153 2637 estis.

251 2651 368 2715 Urbem
379 2649 474 2722 vobis,
485 2669 578 2728 quam
592 2671 631 2714 ex
646 2672 758 2729 magua
767 2664 858 2734 parte
873 2655 1017 2730 dirutam,
1032 2667 1154 2737 Q
1182 2692 1216 2712 ,,
1269 2645 1272 2663 “

200 2735 239 2797 30
253 2734 314 2793 fera
335 2741 431 2793 tetam
452 2729 553 2803 habet,
568 2731 686 2804 adimit,
701 2753 788 2812 agros
810 2735 964 2814 relinquit,
981 2737 1081 2798 locum
1104 2737 1154 2797 ad-
1168 2729 1221 2780 sss
1243 2743 1257 2802 ,ξ

252 2814 426 2893 signaturus
440 2811 472 2870 in
487 2809 547 2890 quo
562 2831 675 2872 novum
687 2814 833 2892 oppidum
848 2816 1028 2879 aedificetis:
1044 2837 1155 2878 aurum

252 2903 283 2956 et
310 2903 470 2973 argentum
497 2911 595 2964 omne,
624 2891 788 2972 publicum
811 2897 1035 2976 privatumque,
1057 2897 1098 2958 ad
1125 2919 1155 2959 se

253 2974 342 3055 jubet
355 2973 483 3034 deferri:
499 2992 625 3052 corpora
639 2984 748 3046 vestra,
760 2977 923 3055 conjugum
938 2998 975 3037 ac
989 2979 1155 3039 liberorum

254 3064 431 3126 vestrorum,
445 3061 547 3113 servat
561 3053 718 3125 inviolata,
730 3055 755 3114 ai
770 3055 898 3116 inermes
913 3077 983 3118 cum
998 3058 1078 3119 binis
1092 3079 1155 3121 ves·

201 3137 240 3198 35
253 3135 389 3197 timentis
402 3132 503 3194 velitis
518 3131 557 3192 ab
571 3132 708 3210 Sagunto
722 3135 813 3198 exire.
850 3137 936 3196 Haec
949 3138 1048 3198 victor
1061 3139 1155 3200 hostis

254 3216 384 3293 imperat
393 3235 401 3285 ;
423 3212 506 3284 haec,
522 3231 707 3290 quamquam
722 3224 793 3288 sunt
807 3217 915 3294 gravia
930 3225 1022 3296 atque
1037 3218 1154 3292 acerba,

254 3294 377 3355 fortuna
386 3301 487 3353 vestra
499 3291 584 3352 vobis
598 3291 712 3353 suadet.
753 3293 907 3374 Equidem
922 3297 1003 3357 haud
1021 3299 1165 3376 despero,¹

254 3393 324 3434 eum
345 3372 479 3433 omnium
501 3378 631 3448 potestas
652 3371 680 3430 ei
700 3372 782 3433 facta
802 3376 850 3447 sit,
866 3376 982 3454 aliquid
998 3399 1036 3440 ox
1052 3378 1099 3437 iiis
1113 3375 1162 3438 re(

254 3453 311 3514 bus
325 3453 518 3512 remissurum
529 3449 538 3532 l
551 3449 603 3510 sed
615 3450 664 3512 vel
679 3450 753 3512 haec
768 3455 917 3532 patienda·
927 3477 1041 3530 censeo,
1057 3458 1154 3537 potius
