2568 3782
445 145 580 252 arana
605 205 698 271 xxr,
726 188 855 253 23-25.
1081 188 1145 254 103

189 365 310 425 rendae
334 363 464 442 regionis
489 363 572 436 data,
593 372 624 424 et
648 362 735 424 mille
762 363 885 441 equites.
927 359 1093 440 Postquam

189 465 245 524 per
260 445 453 524 Pyrenaeum
471 443 584 504 saltum
603 443 723 504 traduci
737 443 887 504 exercitus
902 451 946 501 est
960 451 1093 521 coeptus,

189 545 295 585 rumor
317 545 355 584 ue
370 545 423 602 per
437 523 581 586 barbarae
601 523 739 584 manavit
758 523 868 601 certior
882 521 919 582 de
933 521 1014 582 bello
1033 522 1093 583 Ro·

189 546 377 678 maneque
401 604 487 663 milia
512 604 583 664 inde
609 603 851 682 Carpetanorum
875 603 1012 681 peditum
1036 602 1094 662 iter

189 693 377 758 averterunt,
419 683 587 744 Constabat
607 704 668 744 non
690 692 754 744 tam
774 682 855 743 bello
876 691 982 754 motos,
1001 701 1093 760 quam
1127 683 1147 743 5

189 765 415 844 longinquitate
436 765 505 824 viae
526 762 785 843 insuperabilique
801 763 930 841 Alpium
952 763 1092 825 transitu.

189 845 363 918 Hannibal,
377 846 450 926 quia
470 865 613 905 revocare
633 852 687 904 aut
701 844 732 904 vi
757 844 887 904 retinere
910 863 960 902 eos
983 861 1093 922 anceps

188 937 263 1000 erat,
279 947 317 986 ne
333 936 499 986 ceterorum
520 925 612 984 etiam
634 923 746 988 feroces
767 925 863 984 animi
885 922 1092 996 imitarentur,

75 1072 80 1078 ,
187 1026 281 1086 supra
300 1016 414 1085 septem
436 1006 522 1066 milia
543 1003 701 1064 hominum
717 1005 820 1064 domos
835 1003 959 1076 remisit,
974 1013 1093 1082 quoset

14 1090 48 1133 C<
59 1083 146 1135 ΝΛ
185 1086 271 1165 1qu
282 1087 406 1166 gravari
421 1087 533 1147 militia
547 1093 689 1159 senserat,
705 1085 892 1165 Carpetanos
912 1104 1032 1164 quoque
1052 1083 1091 1144 ab
1107 1081 1146 1144 10

12 1171 19 1177 ”
186 1186 218 1227 se
232 1167 370 1228 dimissos
384 1166 538 1228 simulans.
1068 1162 1080 1176 ³
1159 1219 1166 1234 .

188 1246 360 1336 <XXIV
403 1247 488 1321 Inde,
503 1268 541 1308 ne
562 1267 647 1308 mora
668 1256 760 1326 atque
780 1247 876 1328 otium
898 1247 1014 1330 auimop
1035 1245 1091 1304 sol·
1120 1237 1126 1267 ¹

185 1325 329 1400 licitaret,
355 1348 425 1388 cum
449 1328 573 1408 reliquis
601 1327 695 1406 copiis
724 1327 914 1406 Pyrenaeum
942 1335 1091 1402 transgre-

186 1408 280 1482 ditur,
302 1418 333 1468 et
360 1407 400 1468 ad
428 1408 573 1487 oppidum
597 1407 718 1472 Iliberri
747 1416 848 1468 castra
871 1404 1089 1488 locat:,·'·‘Calli

22 1485 1091 1648 a<<2areenturreare,reseram
1106 1484 1144 1546 1⁵

185 1659 252 1710 erat
267 1649 478 1728 praesidiaque
492 1649 598 1712 valida
615 1650 756 1728 inposita,
771 1657 854 1708 metu
875 1647 1028 1709 servitutis
1050 1645 1089 1706 ad

184 1749 272 1790 arma
300 1731 483 1808 Quaternati
511 1731 715 1790 Ruscinonem
743 1729 860 1808 aliquot
887 1727 994 1807 populi
1022 1748 1090 1788 con-

185 1811 322 1871 veniunt.
358 1811 448 1887 Quod
465 1810 516 1871 ubi
531 1811 705 1871 Hannibali
721 1811 896 1870 nuntiatum
910 1819 964 1881 est,
974 1829 1089 1870 moram

185 1891 283 1969 magis
311 1911 402 1969 quam
431 1891 545 1952 bellum
572 1900 717 1962 metuens,
747 1901 880 1952 oratores
904 1890 945 1952 ad
970 1891 1089 1971 regulos
1104 1885 1143 1948 20

185 1991 289 2030 eorum
312 1971 404 2044 misit,
429 1972 570 2052 conloqui
597 1981 691 2032 semet
715 1973 816 2052 ipsum
844 1993 913 2034 cum
935 1973 971 2033 iis
992 1972 1088 2044 velle;

186 2051 247 2128 [et]
276 2052 327 2112 vel
355 2051 403 2112 illi
430 2053 553 2132 propius
584 2051 738 2130 Iliberrim
766 2054 953 2126 accederent,
981 2053 1031 2115 vel
1058 2073 1090 2114 se

184 2131 391 2192 Ruscinonem
412 2153 630 2212 processurum,
645 2141 681 2194 ut
700 2154 739 2194 ex
760 2135 931 2214 propinquo
953 2153 1089 2214 congres-

182 2231 234 2271 sus
254 2211 376 2272 facilior
388 2222 480 2284 esset;
503 2233 574 2272 nam
596 2223 626 2273 et
647 2223 844 2294 accepturum
867 2235 916 2276 eos
937 2214 968 2273 in
990 2224 1090 2274 castra

183 2311 284 2352 suase
298 2293 422 2366 laetum,
437 2313 493 2354 nec
514 2302 694 2355 cunctanter
714 2316 745 2356 se
766 2296 866 2374 ipsum
888 2295 928 2356 ad
949 2315 997 2355 eos
1020 2315 1088 2356 ven·
1103 2285 1142 2348 25

182 2380 305 2445 turum3
327 2373 475 2453 hospitem
497 2375 578 2434 enim
599 2396 631 2436 se
652 2375 785 2448 Calliae,
807 2391 867 2436 non
889 2376 1014 2447 hostem,
1036 2375 1088 2436 ad·

183 2454 308 2527 venisse,
323 2475 379 2514 nec
399 2455 576 2516 stricturum
599 2466 670 2516 ante
690 2456 838 2536 gladium,
859 2457 885 2516 si
906 2477 960 2536 per
981 2455 1088 2516 Gallos

182 2532 283 2606 liceat,
307 2554 398 2614 quam
423 2535 455 2594 in
481 2535 606 2596 Italiam
632 2539 770 2598 venisset.
789 2567 791 2570 ·
813 2536 856 2599 Et
884 2557 937 2616 per
965 2538 1088 2596 nuntios

181 2614 305 2692 quidem
330 2615 423 2688 haec;
446 2625 479 2676 ut
500 2637 572 2678 vero
599 2617 697 2697 reguli
721 2616 895 2690 Gallorum,
917 2618 1022 2678 castris
1047 2617 1087 2677 ad

125 2705 127 2708 ’
181 2693 336 2754 Iliberrim
347 2697 501 2775 extemplo
513 2698 612 2771 motis,
621 2699 705 2760 haud
717 2707 881 2778 gravanter
895 2697 934 2757 ad
951 2697 1086 2758 Poenum
1102 2687 1142 2749 30

179 2785 338 2848 venerunt,
353 2778 436 2855 capti
458 2777 545 2838 donis
566 2799 635 2838 cum
657 2779 738 2840 bona
756 2800 831 2857 pace
850 2779 1018 2838 exercitum
1033 2799 1087 2858 per

179 2854 248 2914 finis
275 2875 343 2917 suos
371 2867 490 2936 praeter
520 2859 726 2920 Ruscinonem
748 2859 895 2938 oppidum
915 2861 1085 2920 transmise-

178 2943 260 2996 runt.

219 3015 329 3077 XXV.
372 3017 410 3076 In
426 3017 552 3080 Italiam
571 3020 692 3082 interim
715 3021 794 3080 nihil
813 3021 904 3092 ultra,
919 3041 1010 3098 quam
1027 3020 1082 3080 Hi·

177 3095 283 3156 berum
299 3099 439 3158 transisse
456 3101 674 3174 Hannibalem,
689 3123 707 3162 a
724 3102 959 3162 Massiliensium
976 3101 1084 3178 legatis
1100 3101 1139 3162 35

6 3177 9 3186 ’
89 3247 92 3256 ¹
178 3173 308 3238 Romam
324 3179 477 3258 perlatum
492 3193 565 3254 erat,
581 3202 660 3256 cum,
676 3183 802 3261 perinde
816 3204 852 3242 ac
867 3183 891 3241 si
907 3180 999 3258 Alpis
1016 3182 1082 3260 jam

177 3258 340 3332 transisset,
357 3260 428 3320 Boii
443 3260 614 3322 sollicitatis
632 3263 1011 3334 Insubribusdefecerunt,
1027 3282 1083 3322 nec

176 3347 240 3398 tam
264 3339 304 3400 ob
330 3352 445 3401 veteres
471 3342 503 3400 in
529 3342 675 3419 populum
705 3343 878 3401 Romanum
900 3343 968 3412 iras,
991 3362 1082 3420 quam

176 3419 256 3500 quod
277 3441 374 3500 nuper
393 3422 474 3482 circa
494 3421 616 3482 Padum
633 3421 823 3482 Placentiam
839 3421 1082 3498 Cremonamque

203 3685 215 3726 l
