<?xml version="1.0" encoding="UTF-8"?>
<!DOCTYPE html PUBLIC "-//W3C//DTD XHTML 1.0 Transitional//EN"
    "http://www.w3.org/TR/xhtml1/DTD/xhtml1-transitional.dtd">
<html xmlns="http://www.w3.org/1999/xhtml" xml:lang="en" lang="en">
 <head>
  <title>
</title>
<meta http-equiv="Content-Type" content="text/html;charset=utf-8" />
  <meta name='ocr-system' content='tesseract 3.04.00' />
  <meta name='ocr-capabilities' content='ocr_page ocr_carea ocr_par ocr_line ocrx_word'/>
</head>
<body>
  <div class='ocr_page' id='page_1' title='image "./historieslivybo01chasgoog_0154.png"; bbox 0 0 2568 3782; ppageno 0'>
   <div class='ocr_carea' id='block_1_1' title="bbox 415 245 1108 328">
    <p class='ocr_par' dir='ltr' id='par_1_1' title="bbox 415 245 1108 328">
     <span class='ocr_line' id='line_1_1' title="bbox 415 245 1108 328; baseline 0 -18"><span class='ocrx_word' id='word_1_1' title='bbox 415 263 546 311; x_wconf 72' lang='lat' dir='ltr'>amsa</span> <span class='ocrx_word' id='word_1_2' title='bbox 571 263 685 328; x_wconf 82' lang='lat' dir='ltr'>xx11,</span> <span class='ocrx_word' id='word_1_3' title='bbox 714 247 798 310; x_wconf 82' lang='grc'><strong>5-6.</strong></span> <span class='ocrx_word' id='word_1_4' title='bbox 1044 245 1108 310; x_wconf 81' lang='grc'>149</span> 
     </span>
    </p>
   </div>
   <div class='ocr_carea' id='block_1_2' title="bbox 146 417 1110 3564">
    <p class='ocr_par' dir='ltr' id='par_1_2' title="bbox 150 417 1108 902">
     <span class='ocr_line' id='line_1_2' title="bbox 150 417 1054 500; baseline -0.004 -18"><span class='ocrx_word' id='word_1_5' title='bbox 150 420 263 500; x_wconf 90' lang='lat' dir='ltr'>cuique</span> <span class='ocrx_word' id='word_1_6' title='bbox 280 429 352 480; x_wconf 92' lang='lat' dir='ltr'>ante</span> <span class='ocrx_word' id='word_1_7' title='bbox 366 428 421 480; x_wconf 86' lang='lat' dir='ltr'>aut</span> <span class='ocrx_word' id='word_1_8' title='bbox 434 429 503 499; x_wconf 92' lang='lat' dir='ltr'>post</span> <span class='ocrx_word' id='word_1_9' title='bbox 516 419 675 500; x_wconf 88' lang='lat' dir='ltr'>pugnandi</span> <span class='ocrx_word' id='word_1_10' title='bbox 696 419 833 480; x_wconf 88' lang='lat' dir='ltr'>ordinem</span> <span class='ocrx_word' id='word_1_11' title='bbox 854 417 967 491; x_wconf 89' lang='lat' dir='ltr'>dabat;</span> <span class='ocrx_word' id='word_1_12' title='bbox 988 427 1054 478; x_wconf 88' lang='lat' dir='ltr'>tan·</span> 
     </span>
     <span class='ocr_line' id='line_1_3' title="bbox 151 500 1054 580; baseline -0.004 -18"><span class='ocrx_word' id='word_1_13' title='bbox 151 511 262 580; x_wconf 91' lang='lat' dir='ltr'>tusque</span> <span class='ocrx_word' id='word_1_14' title='bbox 275 501 337 561; x_wconf 90' lang='lat' dir='ltr'>fuit</span> <span class='ocrx_word' id='word_1_15' title='bbox 351 501 443 560; x_wconf 90' lang='lat' dir='ltr'>ardor</span> <span class='ocrx_word' id='word_1_16' title='bbox 459 501 671 577; x_wconf 89' lang='lat' dir='ltr'>[animorum]‚</span> <span class='ocrx_word' id='word_1_17' title='bbox 686 501 762 560; x_wconf 93' lang='lat' dir='ltr'>adeo</span> <span class='ocrx_word' id='word_1_18' title='bbox 783 500 917 560; x_wconf 87' lang='lat' dir='ltr'>intentus</span> <span class='ocrx_word' id='word_1_19' title='bbox 933 518 1054 578; x_wconf 80' lang='lat' dir='ltr'>pugnae</span> 
     </span>
     <span class='ocr_line' id='line_1_4' title="bbox 152 579 1054 659; baseline -0.003 -18"><span class='ocrx_word' id='word_1_20' title='bbox 152 583 283 653; x_wconf 90' lang='lat' dir='ltr'>animus,</span> <span class='ocrx_word' id='word_1_21' title='bbox 299 591 334 640; x_wconf 90' lang='lat' dir='ltr'>ut</span> <span class='ocrx_word' id='word_1_22' title='bbox 347 601 416 640; x_wconf 91' lang='lat' dir='ltr'>eum</span> <span class='ocrx_word' id='word_1_23' title='bbox 433 591 548 641; x_wconf 91' lang='lat' dir='ltr'>motum</span> <span class='ocrx_word' id='word_1_24' title='bbox 563 590 670 653; x_wconf 87' lang='lat' dir='ltr'>terrae,</span> <span class='ocrx_word' id='word_1_25' title='bbox 682 581 735 659; x_wconf 93' lang='lat' dir='ltr'>qui</span> <span class='ocrx_word' id='word_1_26' title='bbox 750 580 915 640; x_wconf 87' lang='lat' dir='ltr'>multarum</span> <span class='ocrx_word' id='word_1_27' title='bbox 932 579 1054 639; x_wconf 90' lang='lat' dir='ltr'>urbium</span> 
     </span>
     <span class='ocr_line' id='line_1_5' title="bbox 154 661 1054 740; baseline -0.004 -18"><span class='ocrx_word' id='word_1_28' title='bbox 154 661 266 722; x_wconf 85' lang='lat' dir='ltr'>Italiae</span> <span class='ocrx_word' id='word_1_29' title='bbox 293 681 420 740; x_wconf 89' lang='lat' dir='ltr'>magnas</span> <span class='ocrx_word' id='word_1_30' title='bbox 447 671 548 740; x_wconf 79' lang='lat' dir='ltr'>partes</span> <span class='ocrx_word' id='word_1_31' title='bbox 577 661 744 740; x_wconf 89' lang='lat' dir='ltr'>prostravit</span> <span class='ocrx_word' id='word_1_32' title='bbox 770 661 942 739; x_wconf 89' lang='lat' dir='ltr'>avertitque</span> <span class='ocrx_word' id='word_1_33' title='bbox 964 679 1054 719; x_wconf 91' lang='lat' dir='ltr'>cursu</span> 
     </span>
     <span class='ocr_line' id='line_1_6' title="bbox 154 737 1108 820; baseline -0.001 -19"><span class='ocrx_word' id='word_1_34' title='bbox 154 742 277 820; x_wconf 88' lang='lat' dir='ltr'>rapidos</span> <span class='ocrx_word' id='word_1_35' title='bbox 291 743 399 813; x_wconf 88' lang='lat' dir='ltr'>amnis,</span> <span class='ocrx_word' id='word_1_36' title='bbox 410 762 493 801; x_wconf 91' lang='lat' dir='ltr'>mare</span> <span class='ocrx_word' id='word_1_37' title='bbox 506 741 684 802; x_wconf 89' lang='lat' dir='ltr'>fluminibus</span> <span class='ocrx_word' id='word_1_38' title='bbox 698 741 827 812; x_wconf 85' lang='lat' dir='ltr'>invexit,</span> <span class='ocrx_word' id='word_1_39' title='bbox 837 751 952 800; x_wconf 89' lang='lat' dir='ltr'>montes</span> <span class='ocrx_word' id='word_1_40' title='bbox 966 740 1055 820; x_wconf 89' lang='lat' dir='ltr'>lapsu</span> <span class='ocrx_word' id='word_1_41' title='bbox 1089 737 1108 800; x_wconf 82' lang='lat'><strong>5</strong></span> 
     </span>
     <span class='ocr_line' id='line_1_7' title="bbox 155 821 885 902; baseline -0.004 -20"><span class='ocrx_word' id='word_1_42' title='bbox 155 822 270 902; x_wconf 84' lang='lat' dir='ltr'><strong>ingenti</strong></span> <span class='ocrx_word' id='word_1_43' title='bbox 285 822 414 901; x_wconf 84' lang='lat' dir='ltr'>proruit,</span> <span class='ocrx_word' id='word_1_44' title='bbox 430 841 518 882; x_wconf 89' lang='lat' dir='ltr'>nemo</span> <span class='ocrx_word' id='word_1_45' title='bbox 533 823 737 901; x_wconf 91' lang='lat' dir='ltr'>pugnantium</span> <span class='ocrx_word' id='word_1_46' title='bbox 752 821 885 882; x_wconf 82' lang='lat' dir='ltr'>senserit.</span> 
     </span>
    </p>

    <p class='ocr_par' dir='ltr' id='par_1_3' title="bbox 146 900 1110 3564">
     <span class='ocr_line' id='line_1_8' title="bbox 194 900 1056 982; baseline 0 -20"><span class='ocrx_word' id='word_1_47' title='bbox 194 902 253 962; x_wconf 89' lang='lat' dir='ltr'>VI.</span> <span class='ocrx_word' id='word_1_48' title='bbox 296 901 364 962; x_wconf 82' lang='lat' dir='ltr'>Tris</span> <span class='ocrx_word' id='word_1_49' title='bbox 386 901 481 962; x_wconf 83' lang='lat' dir='ltr'>ferme</span> <span class='ocrx_word' id='word_1_50' title='bbox 503 902 593 963; x_wconf 88' lang='lat' dir='ltr'>horas</span> <span class='ocrx_word' id='word_1_51' title='bbox 617 911 788 982; x_wconf 89' lang='lat' dir='ltr'>pugnatum</span> <span class='ocrx_word' id='word_1_52' title='bbox 813 911 866 974; x_wconf 89' lang='lat' dir='ltr'>est,</span> <span class='ocrx_word' id='word_1_53' title='bbox 888 910 918 961; x_wconf 89' lang='lat' dir='ltr'>et</span> <span class='ocrx_word' id='word_1_54' title='bbox 942 900 1056 981; x_wconf 87' lang='lat' dir='ltr'>ubique</span> 
     </span>
     <span class='ocr_line' id='line_1_9' title="bbox 154 982 1056 1061; baseline -0.003 -17"><span class='ocrx_word' id='word_1_55' title='bbox 154 983 315 1055; x_wconf 88' lang='lat' dir='ltr'>atrociter;</span> <span class='ocrx_word' id='word_1_56' title='bbox 336 982 419 1042; x_wconf 90' lang='lat' dir='ltr'>circa</span> <span class='ocrx_word' id='word_1_57' title='bbox 439 983 593 1044; x_wconf 89' lang='lat' dir='ltr'>consulem</span> <span class='ocrx_word' id='word_1_58' title='bbox 615 994 719 1043; x_wconf 87' lang='lat' dir='ltr'>tamen</span> <span class='ocrx_word' id='word_1_59' title='bbox 738 982 838 1042; x_wconf 88' lang='lat' dir='ltr'>acrior</span> <span class='ocrx_word' id='word_1_60' title='bbox 858 982 1056 1061; x_wconf 78' lang='lat' dir='ltr'>infestiorque</span> 
     </span>
     <span class='ocr_line' id='line_1_10' title="bbox 154 1061 1056 1144; baseline 0.001 -22"><span class='ocrx_word' id='word_1_61' title='bbox 154 1084 258 1144; x_wconf 91' lang='lat' dir='ltr'>pugna</span> <span class='ocrx_word' id='word_1_62' title='bbox 279 1071 331 1124; x_wconf 79' lang='lat' dir='ltr'>est.</span> <span class='ocrx_word' id='word_1_63' title='bbox 374 1063 455 1124; x_wconf 87' lang='lat' dir='ltr'>Eum</span> <span class='ocrx_word' id='word_1_64' title='bbox 471 1073 501 1124; x_wconf 93' lang='lat' dir='ltr'>et</span> <span class='ocrx_word' id='word_1_65' title='bbox 515 1063 626 1124; x_wconf 88' lang='lat' dir='ltr'>robora</span> <span class='ocrx_word' id='word_1_66' title='bbox 640 1064 775 1124; x_wconf 91' lang='lat' dir='ltr'>virorum</span> <span class='ocrx_word' id='word_1_67' title='bbox 797 1061 1010 1142; x_wconf 82' lang='lat' dir='ltr'>sequebantur,</span> <span class='ocrx_word' id='word_1_68' title='bbox 1026 1071 1056 1123; x_wconf 92' lang='lat' dir='ltr'>et</span> 
     </span>
     <span class='ocr_line' id='line_1_11' title="bbox 154 1143 1110 1224; baseline 0 -20"><span class='ocrx_word' id='word_1_69' title='bbox 154 1145 227 1224; x_wconf 90' lang='lat' dir='ltr'>ipse,</span> <span class='ocrx_word' id='word_1_70' title='bbox 243 1163 435 1224; x_wconf 90' lang='lat' dir='ltr'>quacumque</span> <span class='ocrx_word' id='word_1_71' title='bbox 450 1144 481 1203; x_wconf 92' lang='lat' dir='ltr'>in</span> <span class='ocrx_word' id='word_1_72' title='bbox 496 1154 584 1224; x_wconf 89' lang='lat' dir='ltr'>parte</span> <span class='ocrx_word' id='word_1_73' title='bbox 598 1145 694 1223; x_wconf 91' lang='lat' dir='ltr'>premi</span> <span class='ocrx_word' id='word_1_74' title='bbox 712 1164 748 1204; x_wconf 92' lang='lat' dir='ltr'>ac</span> <span class='ocrx_word' id='word_1_75' title='bbox 763 1143 902 1204; x_wconf 86' lang='lat' dir='ltr'>laborare</span> <span class='ocrx_word' id='word_1_76' title='bbox 922 1151 1056 1204; x_wconf 75' lang='lat' dir='ltr'>senserat</span> <span class='ocrx_word' id='word_1_77' title='bbox 1071 1143 1110 1204; x_wconf 90' lang='lat'>10</span> 
     </span>
     <span class='ocr_line' id='line_1_12' title="bbox 154 1223 1057 1304; baseline -0.001 -19"><span class='ocrx_word' id='word_1_78' title='bbox 154 1245 231 1297; x_wconf 89' lang='lat' dir='ltr'>suos,</span> <span class='ocrx_word' id='word_1_79' title='bbox 254 1225 375 1304; x_wconf 85' lang='lat' dir='ltr'>inpigre</span> <span class='ocrx_word' id='word_1_80' title='bbox 396 1223 513 1285; x_wconf 82' lang='lat' dir='ltr'>ferebat</span> <span class='ocrx_word' id='word_1_81' title='bbox 535 1245 641 1304; x_wconf 90' lang='lat' dir='ltr'>opem;</span> <span class='ocrx_word' id='word_1_82' title='bbox 670 1225 879 1304; x_wconf 86' lang='lat' dir='ltr'>insignemque</span> <span class='ocrx_word' id='word_1_83' title='bbox 906 1225 998 1284; x_wconf 90' lang='lat' dir='ltr'>armis</span> <span class='ocrx_word' id='word_1_84' title='bbox 1026 1233 1057 1284; x_wconf 89' lang='lat' dir='ltr'>et</span> 
     </span>
     <span class='ocr_line' id='line_1_13' title="bbox 154 1304 1056 1385; baseline 0.002 -21"><span class='ocrx_word' id='word_1_85' title='bbox 154 1305 253 1366; x_wconf 90' lang='lat' dir='ltr'>hostes</span> <span class='ocrx_word' id='word_1_86' title='bbox 267 1325 387 1365; x_wconf 88' lang='lat' dir='ltr'>summa</span> <span class='ocrx_word' id='word_1_87' title='bbox 400 1306 433 1367; x_wconf 88' lang='lat' dir='ltr'>vi</span> <span class='ocrx_word' id='word_1_88' title='bbox 453 1304 598 1385; x_wconf 89' lang='lat' dir='ltr'>petebant</span> <span class='ocrx_word' id='word_1_89' title='bbox 619 1313 650 1366; x_wconf 92' lang='lat' dir='ltr'>et</span> <span class='ocrx_word' id='word_1_90' title='bbox 669 1305 835 1366; x_wconf 87' lang='lat' dir='ltr'>tuebantur</span> <span class='ocrx_word' id='word_1_91' title='bbox 854 1306 945 1378; x_wconf 87' lang='lat' dir='ltr'>cives,</span> <span class='ocrx_word' id='word_1_92' title='bbox 960 1305 1056 1366; x_wconf 92' lang='lat' dir='ltr'>donec</span> 
     </span>
     <span class='ocr_line' id='line_1_14' title="bbox 154 1384 1057 1465; baseline 0.001 -21"><span class='ocrx_word' id='word_1_93' title='bbox 154 1384 284 1446; x_wconf 90' lang='lat' dir='ltr'>Insuber</span> <span class='ocrx_word' id='word_1_94' title='bbox 305 1406 395 1465; x_wconf 90' lang='lat' dir='ltr'>eques</span> <span class='ocrx_word' id='word_1_95' title='bbox 419 1386 570 1465; x_wconf 87' lang='lat' dir='ltr'>(Ducario</span> <span class='ocrx_word' id='word_1_96' title='bbox 595 1406 705 1446; x_wconf 91' lang='lat' dir='ltr'>nomen</span> <span class='ocrx_word' id='word_1_97' title='bbox 729 1391 810 1465; x_wconf 90' lang='lat' dir='ltr'>erat)</span> <span class='ocrx_word' id='word_1_98' title='bbox 835 1385 913 1445; x_wconf 81' lang='lat' dir='ltr'>facie</span> <span class='ocrx_word' id='word_1_99' title='bbox 937 1405 1057 1464; x_wconf 91' lang='lat' dir='ltr'>quoque</span> 
     </span>
     <span class='ocr_line' id='line_1_15' title="bbox 154 1465 1056 1546; baseline 0.001 -21"><span class='ocrx_word' id='word_1_100' title='bbox 154 1466 308 1526; x_wconf 83' lang='lat' dir='ltr'>noscitans</span> <span class='ocrx_word' id='word_1_101' title='bbox 329 1468 491 1540; x_wconf 89' lang='lat' dir='ltr'>consulem,</span> <span class='ocrx_word' id='word_1_102' title='bbox 508 1467 597 1528; x_wconf 84' lang='lat' dir='ltr'>“en&#39;&#39;</span> <span class='ocrx_word' id='word_1_103' title='bbox 612 1467 712 1545; x_wconf 89' lang='lat' dir='ltr'>inquit</span> <span class='ocrx_word' id='word_1_104' title='bbox 727 1466 804 1527; x_wconf 91' lang='lat' dir='ltr'>“hic</span> <span class='ocrx_word' id='word_1_105' title='bbox 818 1466 887 1527; x_wconf 89' lang='lat' dir='ltr'>est&#39;&#39;</span> <span class='ocrx_word' id='word_1_106' title='bbox 901 1465 1056 1546; x_wconf 87' lang='lat' dir='ltr'>populari·</span> 
     </span>
     <span class='ocr_line' id='line_1_16' title="bbox 154 1545 1110 1628; baseline 0.001 -22"><span class='ocrx_word' id='word_1_107' title='bbox 154 1545 211 1607; x_wconf 90' lang='lat' dir='ltr'>bus</span> <span class='ocrx_word' id='word_1_108' title='bbox 231 1547 303 1620; x_wconf 89' lang='lat' dir='ltr'>suis,</span> <span class='ocrx_word' id='word_1_109' title='bbox 321 1549 401 1628; x_wconf 90' lang='lat' dir='ltr'>“qui</span> <span class='ocrx_word' id='word_1_110' title='bbox 425 1548 558 1628; x_wconf 86' lang='lat' dir='ltr'>legiones</span> <span class='ocrx_word' id='word_1_111' title='bbox 582 1557 700 1608; x_wconf 89' lang='lat' dir='ltr'>nostras</span> <span class='ocrx_word' id='word_1_112' title='bbox 724 1547 835 1608; x_wconf 89' lang='lat' dir='ltr'>cecidit</span> <span class='ocrx_word' id='word_1_113' title='bbox 858 1567 1006 1626; x_wconf 88' lang='lat' dir='ltr'>agrosque</span> <span class='ocrx_word' id='word_1_114' title='bbox 1026 1556 1057 1607; x_wconf 90' lang='lat' dir='ltr'>et</span> <span class='ocrx_word' id='word_1_115' title='bbox 1071 1547 1110 1607; x_wconf 83' lang='lat'>15</span> 
     </span>
     <span class='ocr_line' id='line_1_17' title="bbox 153 1627 1056 1709; baseline 0 -23"><span class='ocrx_word' id='word_1_116' title='bbox 153 1627 261 1687; x_wconf 90' lang='lat' dir='ltr'>urbem</span> <span class='ocrx_word' id='word_1_117' title='bbox 286 1637 331 1689; x_wconf 89' lang='lat' dir='ltr'>est</span> <span class='ocrx_word' id='word_1_118' title='bbox 355 1629 574 1709; x_wconf 72' lang='lat' dir='ltr'>depopulatus!</span> <span class='ocrx_word' id='word_1_119' title='bbox 616 1628 690 1691; x_wconf 86' lang='lat' dir='ltr'>Jam</span> <span class='ocrx_word' id='word_1_120' title='bbox 714 1649 769 1708; x_wconf 89' lang='lat' dir='ltr'>ego</span> <span class='ocrx_word' id='word_1_121' title='bbox 793 1629 873 1688; x_wconf 89' lang='lat' dir='ltr'>hanc</span> <span class='ocrx_word' id='word_1_122' title='bbox 898 1628 1056 1689; x_wconf 86' lang='lat' dir='ltr'>victimam</span> 
     </span>
     <span class='ocr_line' id='line_1_18' title="bbox 154 1708 1057 1790; baseline 0.001 -23"><span class='ocrx_word' id='word_1_123' title='bbox 154 1709 296 1770; x_wconf 89' lang='lat' dir='ltr'>manibus</span> <span class='ocrx_word' id='word_1_124' title='bbox 316 1721 542 1790; x_wconf 87' lang='lat' dir='ltr'>peremptorum</span> <span class='ocrx_word' id='word_1_125' title='bbox 562 1711 650 1771; x_wconf 83' lang='lat' dir='ltr'>foede</span> <span class='ocrx_word' id='word_1_126' title='bbox 666 1710 784 1770; x_wconf 71' lang='lat' dir='ltr'>‘civium</span> <span class='ocrx_word' id='word_1_127' title='bbox 806 1709 930 1782; x_wconf 88' lang='lat' dir='ltr'>dabo;&#39;’</span> <span class='ocrx_word' id='word_1_128' title='bbox 955 1708 1057 1769; x_wconf 93' lang='lat' dir='ltr'>subdi-</span> 
     </span>
     <span class='ocr_line' id='line_1_19' title="bbox 153 1788 1055 1872; baseline -0.001 -24"><span class='ocrx_word' id='word_1_129' title='bbox 153 1788 254 1868; x_wconf 86' lang='lat' dir='ltr'>tisque</span> <span class='ocrx_word' id='word_1_130' title='bbox 275 1791 445 1853; x_wconf 86' lang='lat' dir='ltr'>calcaribus</span> <span class='ocrx_word' id='word_1_131' title='bbox 465 1813 551 1872; x_wconf 90' lang='lat' dir='ltr'>equo,</span> <span class='ocrx_word' id='word_1_132' title='bbox 573 1813 627 1871; x_wconf 91' lang='lat' dir='ltr'>per</span> <span class='ocrx_word' id='word_1_133' title='bbox 648 1790 899 1852; x_wconf 88' lang='lat' dir='ltr'>confertissimam</span> <span class='ocrx_word' id='word_1_134' title='bbox 923 1789 1055 1850; x_wconf 91' lang='lat' dir='ltr'>hostium</span> 
     </span>
     <span class='ocr_line' id='line_1_20' title="bbox 153 1871 1056 1952; baseline -0.002 -20"><span class='ocrx_word' id='word_1_135' title='bbox 153 1871 276 1932; x_wconf 91' lang='lat' dir='ltr'>turbam</span> <span class='ocrx_word' id='word_1_136' title='bbox 292 1872 440 1952; x_wconf 91' lang='lat' dir='ltr'>impetum</span> <span class='ocrx_word' id='word_1_137' title='bbox 451 1873 535 1945; x_wconf 82' lang='lat' dir='ltr'>facit,</span> <span class='ocrx_word' id='word_1_138' title='bbox 544 1872 785 1952; x_wconf 85' lang='lat' dir='ltr'>obtruncatoque</span> <span class='ocrx_word' id='word_1_139' title='bbox 798 1872 883 1951; x_wconf 91' lang='lat' dir='ltr'>prius</span> <span class='ocrx_word' id='word_1_140' title='bbox 896 1871 1056 1950; x_wconf 89' lang='lat' dir='ltr'>armigero,</span> 
     </span>
     <span class='ocr_line' id='line_1_21' title="bbox 153 1951 1110 2033; baseline 0.002 -23"><span class='ocrx_word' id='word_1_141' title='bbox 153 1951 207 2030; x_wconf 95' lang='lat' dir='ltr'>qui</span> <span class='ocrx_word' id='word_1_142' title='bbox 230 1971 262 2012; x_wconf 89' lang='lat' dir='ltr'>se</span> <span class='ocrx_word' id='word_1_143' title='bbox 286 1953 394 2014; x_wconf 86' lang='lat' dir='ltr'>infesto</span> <span class='ocrx_word' id='word_1_144' title='bbox 418 1954 553 2015; x_wconf 88' lang='lat' dir='ltr'>venienti</span> <span class='ocrx_word' id='word_1_145' title='bbox 576 1954 699 2014; x_wconf 90' lang='lat' dir='ltr'>obviam</span> <span class='ocrx_word' id='word_1_146' title='bbox 720 1952 880 2033; x_wconf 89' lang='lat' dir='ltr'>objecerat,</span> <span class='ocrx_word' id='word_1_147' title='bbox 902 1951 1054 2012; x_wconf 83' lang='lat' dir='ltr'>consulein</span> <span class='ocrx_word' id='word_1_148' title='bbox 1071 1951 1110 2012; x_wconf 79' lang='lat'>20</span> 
     </span>
     <span class='ocr_line' id='line_1_22' title="bbox 153 2030 1056 2114; baseline 0.001 -22"><span class='ocrx_word' id='word_1_149' title='bbox 153 2030 261 2092; x_wconf 87' lang='lat' dir='ltr'>lancea</span> <span class='ocrx_word' id='word_1_150' title='bbox 275 2035 446 2106; x_wconf 83' lang='lat' dir='ltr'>transfixit;</span> <span class='ocrx_word' id='word_1_151' title='bbox 467 2035 598 2114; x_wconf 91' lang='lat' dir='ltr'>spoliare</span> <span class='ocrx_word' id='word_1_152' title='bbox 619 2035 790 2114; x_wconf 89' lang='lat' dir='ltr'>cupientem</span> <span class='ocrx_word' id='word_1_153' title='bbox 811 2033 911 2095; x_wconf 86' lang='lat' dir='ltr'>triarii</span> <span class='ocrx_word' id='word_1_154' title='bbox 932 2032 1056 2112; x_wconf 85' lang='lat' dir='ltr'>objectis</span> 
     </span>
     <span class='ocr_line' id='line_1_23' title="bbox 152 2114 1055 2196; baseline 0.001 -23"><span class='ocrx_word' id='word_1_155' title='bbox 152 2114 246 2173; x_wconf 90' lang='lat' dir='ltr'>scutis</span> <span class='ocrx_word' id='word_1_156' title='bbox 273 2135 407 2177; x_wconf 87' lang='lat' dir='ltr'>arcuere.</span> <span class='ocrx_word' id='word_1_157' title='bbox 448 2115 582 2196; x_wconf 86' lang='lat' dir='ltr'>Magnae</span> <span class='ocrx_word' id='word_1_158' title='bbox 606 2115 702 2196; x_wconf 88' lang='lat' dir='ltr'>partis</span> <span class='ocrx_word' id='word_1_159' title='bbox 729 2115 803 2194; x_wconf 88' lang='lat' dir='ltr'>fuga</span> <span class='ocrx_word' id='word_1_160' title='bbox 827 2114 898 2175; x_wconf 93' lang='lat' dir='ltr'>inde</span> <span class='ocrx_word' id='word_1_161' title='bbox 921 2115 1055 2194; x_wconf 89' lang='lat' dir='ltr'>primum</span> 
     </span>
     <span class='ocr_line' id='line_1_24' title="bbox 153 2194 1056 2276; baseline 0 -22"><span class='ocrx_word' id='word_1_162' title='bbox 153 2194 271 2273; x_wconf 88' lang='lat' dir='ltr'>coepit;</span> <span class='ocrx_word' id='word_1_163' title='bbox 291 2206 322 2256; x_wconf 94' lang='lat' dir='ltr'>et</span> <span class='ocrx_word' id='word_1_164' title='bbox 341 2197 407 2276; x_wconf 88' lang='lat' dir='ltr'>jam</span> <span class='ocrx_word' id='word_1_165' title='bbox 431 2217 487 2257; x_wconf 91' lang='lat' dir='ltr'>nec</span> <span class='ocrx_word' id='word_1_166' title='bbox 510 2198 595 2258; x_wconf 90' lang='lat' dir='ltr'>lacus</span> <span class='ocrx_word' id='word_1_167' title='bbox 615 2218 671 2258; x_wconf 93' lang='lat' dir='ltr'>nec</span> <span class='ocrx_word' id='word_1_168' title='bbox 693 2207 810 2257; x_wconf 87' lang='lat' dir='ltr'>montes</span> <span class='ocrx_word' id='word_1_169' title='bbox 831 2196 938 2275; x_wconf 88' lang='lat' dir='ltr'>pavori</span> <span class='ocrx_word' id='word_1_170' title='bbox 958 2195 1056 2255; x_wconf 86' lang='lat' dir='ltr'>obsta·</span> 
     </span>
     <span class='ocr_line' id='line_1_25' title="bbox 153 2273 1056 2358; baseline 0.001 -24"><span class='ocrx_word' id='word_1_171' title='bbox 153 2273 247 2349; x_wconf 92' lang='lat' dir='ltr'>bant;</span> <span class='ocrx_word' id='word_1_172' title='bbox 269 2298 323 2357; x_wconf 91' lang='lat' dir='ltr'>per</span> <span class='ocrx_word' id='word_1_173' title='bbox 337 2278 439 2337; x_wconf 86' lang='lat' dir='ltr'>omnia</span> <span class='ocrx_word' id='word_1_174' title='bbox 456 2287 524 2338; x_wconf 90' lang='lat' dir='ltr'>arta</span> <span class='ocrx_word' id='word_1_175' title='bbox 538 2288 764 2358; x_wconf 87' lang='lat' dir='ltr'>praeruptaque</span> <span class='ocrx_word' id='word_1_176' title='bbox 777 2276 863 2340; x_wconf 88' lang='lat' dir='ltr'>velut</span> <span class='ocrx_word' id='word_1_177' title='bbox 884 2277 965 2337; x_wconf 90' lang='lat' dir='ltr'>caeci</span> <span class='ocrx_word' id='word_1_178' title='bbox 987 2297 1056 2336; x_wconf 72' lang='lat' dir='ltr'>eva</span> 
     </span>
     <span class='ocr_line' id='line_1_26' title="bbox 152 2354 1109 2439; baseline 0 -25"><span class='ocrx_word' id='word_1_179' title='bbox 152 2355 240 2429; x_wconf 89' lang='lat' dir='ltr'>dunt,</span> <span class='ocrx_word' id='word_1_180' title='bbox 252 2378 397 2437; x_wconf 88' lang='lat' dir='ltr'>armaque</span> <span class='ocrx_word' id='word_1_181' title='bbox 410 2367 442 2419; x_wconf 90' lang='lat' dir='ltr'>et</span> <span class='ocrx_word' id='word_1_182' title='bbox 451 2359 511 2420; x_wconf 90' lang='lat' dir='ltr'>viri</span> <span class='ocrx_word' id='word_1_183' title='bbox 526 2379 616 2439; x_wconf 91' lang='lat' dir='ltr'>super</span> <span class='ocrx_word' id='word_1_184' title='bbox 629 2359 726 2419; x_wconf 92' lang='lat' dir='ltr'>alium</span> <span class='ocrx_word' id='word_1_185' title='bbox 740 2358 794 2418; x_wconf 88' lang='lat' dir='ltr'>alii</span> <span class='ocrx_word' id='word_1_186' title='bbox 805 2357 1054 2438; x_wconf 87' lang='lat' dir='ltr'>praecipitantur.</span> <span class='ocrx_word' id='word_1_187' title='bbox 1070 2354 1109 2415; x_wconf 83' lang='lat'>25</span> 
     </span>
     <span class='ocr_line' id='line_1_27' title="bbox 153 2435 1056 2519; baseline 0.001 -23"><span class='ocrx_word' id='word_1_188' title='bbox 153 2435 230 2497; x_wconf 89' lang='lat' dir='ltr'>Pars</span> <span class='ocrx_word' id='word_1_189' title='bbox 252 2459 371 2518; x_wconf 87' lang='lat' dir='ltr'>magna,</span> <span class='ocrx_word' id='word_1_190' title='bbox 386 2439 440 2499; x_wconf 93' lang='lat' dir='ltr'>ubi</span> <span class='ocrx_word' id='word_1_191' title='bbox 461 2439 545 2500; x_wconf 90' lang='lat' dir='ltr'>locus</span> <span class='ocrx_word' id='word_1_192' title='bbox 566 2441 656 2519; x_wconf 85' lang='lat' dir='ltr'>fugae</span> <span class='ocrx_word' id='word_1_193' title='bbox 677 2439 768 2511; x_wconf 90' lang='lat' dir='ltr'>deest,</span> <span class='ocrx_word' id='word_1_194' title='bbox 787 2460 840 2518; x_wconf 91' lang='lat' dir='ltr'>per</span> <span class='ocrx_word' id='word_1_195' title='bbox 863 2439 961 2517; x_wconf 88' lang='lat' dir='ltr'>prima</span> <span class='ocrx_word' id='word_1_196' title='bbox 976 2438 1056 2497; x_wconf 88' lang='lat' dir='ltr'>vada</span> 
     </span>
     <span class='ocr_line' id='line_1_28' title="bbox 152 2517 1055 2600; baseline 0.001 -23"><span class='ocrx_word' id='word_1_197' title='bbox 152 2517 277 2597; x_wconf 91' lang='lat' dir='ltr'>paludis</span> <span class='ocrx_word' id='word_1_198' title='bbox 291 2519 324 2578; x_wconf 89' lang='lat' dir='ltr'>in</span> <span class='ocrx_word' id='word_1_199' title='bbox 339 2540 449 2599; x_wconf 88' lang='lat' dir='ltr'>aquam</span> <span class='ocrx_word' id='word_1_200' title='bbox 464 2521 622 2600; x_wconf 88' lang='lat' dir='ltr'>progressi,</span> <span class='ocrx_word' id='word_1_201' title='bbox 638 2520 740 2599; x_wconf 90' lang='lat' dir='ltr'>quoad</span> <span class='ocrx_word' id='word_1_202' title='bbox 761 2517 912 2598; x_wconf 88' lang='lat' dir='ltr'>capitibus</span> <span class='ocrx_word' id='word_1_203' title='bbox 932 2519 1055 2578; x_wconf 88' lang='lat' dir='ltr'>umeris·</span> 
     </span>
     <span class='ocr_line' id='line_1_29' title="bbox 152 2599 1054 2680; baseline 0.001 -24"><span class='ocrx_word' id='word_1_204' title='bbox 152 2618 211 2677; x_wconf 88' lang='lat' dir='ltr'>que</span> <span class='ocrx_word' id='word_1_205' title='bbox 235 2609 341 2660; x_wconf 83' lang='lat' dir='ltr'>extare</span> <span class='ocrx_word' id='word_1_206' title='bbox 361 2610 494 2677; x_wconf 91' lang='lat' dir='ltr'>possunt,</span> <span class='ocrx_word' id='word_1_207' title='bbox 515 2621 577 2661; x_wconf 91' lang='lat' dir='ltr'>sese</span> <span class='ocrx_word' id='word_1_208' title='bbox 598 2602 788 2680; x_wconf 80' lang='lat' dir='ltr'>inmergunt3</span> <span class='ocrx_word' id='word_1_209' title='bbox 810 2599 895 2660; x_wconf 86' lang='lat' dir='ltr'>fuere</span> <span class='ocrx_word' id='word_1_210' title='bbox 916 2619 990 2679; x_wconf 90' lang='lat' dir='ltr'>quos</span> <span class='ocrx_word' id='word_1_211' title='bbox 1010 2600 1054 2658; x_wconf 92' lang='lat' dir='ltr'>in·</span> 
     </span>
     <span class='ocr_line' id='line_1_30' title="bbox 152 2679 1054 2761; baseline 0 -23"><span class='ocrx_word' id='word_1_212' title='bbox 152 2679 308 2740; x_wconf 90' lang='lat' dir='ltr'>consultus</span> <span class='ocrx_word' id='word_1_213' title='bbox 334 2701 432 2761; x_wconf 92' lang='lat' dir='ltr'>pavor</span> <span class='ocrx_word' id='word_1_214' title='bbox 459 2682 561 2741; x_wconf 91' lang='lat' dir='ltr'>nando</span> <span class='ocrx_word' id='word_1_215' title='bbox 589 2681 681 2742; x_wconf 85' lang='lat' dir='ltr'>etiam</span> <span class='ocrx_word' id='word_1_216' title='bbox 706 2701 859 2761; x_wconf 87' lang='lat' dir='ltr'>capessere</span> <span class='ocrx_word' id='word_1_217' title='bbox 882 2680 988 2757; x_wconf 86' lang='lat' dir='ltr'>fugam</span> <span class='ocrx_word' id='word_1_218' title='bbox 1011 2680 1054 2739; x_wconf 92' lang='lat' dir='ltr'>in-</span> 
     </span>
     <span class='ocr_line' id='line_1_31' title="bbox 151 2759 1109 2841; baseline 0.003 -23"><span class='ocrx_word' id='word_1_219' title='bbox 151 2759 283 2838; x_wconf 92' lang='lat' dir='ltr'>pulerit;</span> <span class='ocrx_word' id='word_1_220' title='bbox 312 2781 391 2840; x_wconf 91' lang='lat' dir='ltr'>quae</span> <span class='ocrx_word' id='word_1_221' title='bbox 417 2761 470 2821; x_wconf 91' lang='lat' dir='ltr'>ubi</span> <span class='ocrx_word' id='word_1_222' title='bbox 500 2762 638 2822; x_wconf 89' lang='lat' dir='ltr'>inmensa</span> <span class='ocrx_word' id='word_1_223' title='bbox 666 2783 702 2822; x_wconf 90' lang='lat' dir='ltr'>ac</span> <span class='ocrx_word' id='word_1_224' title='bbox 729 2763 793 2822; x_wconf 90' lang='lat' dir='ltr'>sine</span> <span class='ocrx_word' id='word_1_225' title='bbox 821 2783 874 2841; x_wconf 93' lang='lat' dir='ltr'>spe</span> <span class='ocrx_word' id='word_1_226' title='bbox 901 2771 976 2834; x_wconf 86' lang='lat' dir='ltr'>erat,</span> <span class='ocrx_word' id='word_1_227' title='bbox 1001 2769 1055 2822; x_wconf 91' lang='lat' dir='ltr'>aut</span> <span class='ocrx_word' id='word_1_228' title='bbox 1069 2760 1109 2821; x_wconf 87' lang='lat'>30</span> 
     </span>
     <span class='ocr_line' id='line_1_32' title="bbox 151 2840 1055 2923; baseline 0.004 -25"><span class='ocrx_word' id='word_1_229' title='bbox 151 2840 363 2902; x_wconf 87' lang='lat' dir='ltr'>deficientibus</span> <span class='ocrx_word' id='word_1_230' title='bbox 397 2842 507 2902; x_wconf 92' lang='lat' dir='ltr'>animis</span> <span class='ocrx_word' id='word_1_231' title='bbox 542 2842 764 2903; x_wconf 84' lang='lat' dir='ltr'>hauriebantur</span> <span class='ocrx_word' id='word_1_232' title='bbox 791 2843 972 2923; x_wconf 87' lang='lat' dir='ltr'>gurgitibus,</span> <span class='ocrx_word' id='word_1_233' title='bbox 1000 2851 1055 2902; x_wconf 89' lang='lat' dir='ltr'>aut</span> 
     </span>
     <span class='ocr_line' id='line_1_33' title="bbox 150 2921 1053 3002; baseline 0.006 -25"><span class='ocrx_word' id='word_1_234' title='bbox 150 2921 335 3000; x_wconf 89' lang='lat' dir='ltr'>nequiquam</span> <span class='ocrx_word' id='word_1_235' title='bbox 365 2922 434 2982; x_wconf 83' lang='lat' dir='ltr'>fessi</span> <span class='ocrx_word' id='word_1_236' title='bbox 458 2922 539 2983; x_wconf 90' lang='lat' dir='ltr'>vada</span> <span class='ocrx_word' id='word_1_237' title='bbox 568 2934 649 2984; x_wconf 91' lang='lat' dir='ltr'>retro</span> <span class='ocrx_word' id='word_1_238' title='bbox 676 2924 842 3002; x_wconf 89' lang='lat' dir='ltr'>aegerrime</span> <span class='ocrx_word' id='word_1_239' title='bbox 867 2921 1053 3001; x_wconf 83' lang='lat' dir='ltr'>repetebant,</span> 
     </span>
     <span class='ocr_line' id='line_1_34' title="bbox 150 3000 1053 3083; baseline 0.003 -24"><span class='ocrx_word' id='word_1_240' title='bbox 150 3008 243 3079; x_wconf 91' lang='lat' dir='ltr'>atque</span> <span class='ocrx_word' id='word_1_241' title='bbox 258 3000 302 3060; x_wconf 92' lang='lat' dir='ltr'>ibi</span> <span class='ocrx_word' id='word_1_242' title='bbox 316 3001 356 3062; x_wconf 91' lang='lat' dir='ltr'>ab</span> <span class='ocrx_word' id='word_1_243' title='bbox 370 3003 511 3082; x_wconf 89' lang='lat' dir='ltr'>ingressis</span> <span class='ocrx_word' id='word_1_244' title='bbox 532 3024 643 3082; x_wconf 89' lang='lat' dir='ltr'>aquam</span> <span class='ocrx_word' id='word_1_245' title='bbox 666 3004 798 3063; x_wconf 86' lang='lat' dir='ltr'>hostium</span> <span class='ocrx_word' id='word_1_246' title='bbox 816 3003 969 3083; x_wconf 90' lang='lat' dir='ltr'>equitibus</span> <span class='ocrx_word' id='word_1_247' title='bbox 988 3023 1053 3081; x_wconf 88' lang='lat' dir='ltr'>pas·</span> 
     </span>
     <span class='ocr_line' id='line_1_35' title="bbox 148 3081 1052 3163; baseline 0.002 -23"><span class='ocrx_word' id='word_1_248' title='bbox 148 3081 206 3140; x_wconf 86' lang='lat' dir='ltr'>sim</span> <span class='ocrx_word' id='word_1_249' title='bbox 229 3082 472 3144; x_wconf 86' lang='lat' dir='ltr'>trucidabantur.</span> <span class='ocrx_word' id='word_1_250' title='bbox 516 3082 576 3144; x_wconf 82' lang='lat' dir='ltr'>Sex</span> <span class='ocrx_word' id='word_1_251' title='bbox 597 3083 684 3144; x_wconf 90' lang='lat' dir='ltr'>milia</span> <span class='ocrx_word' id='word_1_252' title='bbox 699 3085 793 3143; x_wconf 88' lang='lat' dir='ltr'>ferme</span> <span class='ocrx_word' id='word_1_253' title='bbox 807 3084 898 3163; x_wconf 90' lang='lat' dir='ltr'>primi</span> <span class='ocrx_word' id='word_1_254' title='bbox 913 3083 1052 3161; x_wconf 90' lang='lat' dir='ltr'>agminis,</span> 
     </span>
     <span class='ocr_line' id='line_1_36' title="bbox 148 3162 1106 3242; baseline 0.002 -22"><span class='ocrx_word' id='word_1_255' title='bbox 148 3181 204 3240; x_wconf 88' lang='lat' dir='ltr'>per</span> <span class='ocrx_word' id='word_1_256' title='bbox 228 3162 371 3223; x_wconf 83' lang='lat' dir='ltr'>adversos</span> <span class='ocrx_word' id='word_1_257' title='bbox 395 3163 490 3224; x_wconf 88' lang='lat' dir='ltr'>hostis</span> <span class='ocrx_word' id='word_1_258' title='bbox 511 3166 670 3242; x_wconf 91' lang='lat' dir='ltr'>eruptione</span> <span class='ocrx_word' id='word_1_259' title='bbox 695 3164 815 3242; x_wconf 89' lang='lat' dir='ltr'>inpigre</span> <span class='ocrx_word' id='word_1_260' title='bbox 840 3163 932 3235; x_wconf 86' lang='lat' dir='ltr'>facta,</span> <span class='ocrx_word' id='word_1_261' title='bbox 953 3163 1050 3242; x_wconf 88' lang='lat' dir='ltr'>ignari</span> <span class='ocrx_word' id='word_1_262' title='bbox 1068 3163 1106 3223; x_wconf 85' lang='lat'>35</span> 
     </span>
     <span class='ocr_line' id='line_1_37' title="bbox 148 3242 1053 3322; baseline 0.003 -22"><span class='ocrx_word' id='word_1_263' title='bbox 148 3242 286 3301; x_wconf 91' lang='lat' dir='ltr'>omnium</span> <span class='ocrx_word' id='word_1_264' title='bbox 305 3263 384 3322; x_wconf 88' lang='lat' dir='ltr'>quae</span> <span class='ocrx_word' id='word_1_265' title='bbox 403 3252 470 3322; x_wconf 93' lang='lat' dir='ltr'>post</span> <span class='ocrx_word' id='word_1_266' title='bbox 490 3264 521 3303; x_wconf 92' lang='lat' dir='ltr'>se</span> <span class='ocrx_word' id='word_1_267' title='bbox 542 3253 713 3322; x_wconf 89' lang='lat' dir='ltr'>agerentur,</span> <span class='ocrx_word' id='word_1_268' title='bbox 728 3264 767 3302; x_wconf 83' lang='lat' dir='ltr'>ex</span> <span class='ocrx_word' id='word_1_269' title='bbox 781 3242 861 3303; x_wconf 88' lang='lat' dir='ltr'>saltu</span> <span class='ocrx_word' id='word_1_270' title='bbox 877 3263 1007 3314; x_wconf 87' lang='lat' dir='ltr'>evasere,</span> <span class='ocrx_word' id='word_1_271' title='bbox 1023 3253 1053 3303; x_wconf 92' lang='lat' dir='ltr'>et</span> 
     </span>
     <span class='ocr_line' id='line_1_38' title="bbox 147 3322 1052 3403; baseline 0.001 -22"><span class='ocrx_word' id='word_1_272' title='bbox 147 3341 217 3382; x_wconf 91' lang='lat' dir='ltr'>cum</span> <span class='ocrx_word' id='word_1_273' title='bbox 233 3323 264 3381; x_wconf 93' lang='lat' dir='ltr'>in</span> <span class='ocrx_word' id='word_1_274' title='bbox 279 3322 399 3382; x_wconf 89' lang='lat' dir='ltr'>tumulo</span> <span class='ocrx_word' id='word_1_275' title='bbox 413 3324 544 3403; x_wconf 86' lang='lat' dir='ltr'>quodam</span> <span class='ocrx_word' id='word_1_276' title='bbox 560 3325 772 3395; x_wconf 86' lang='lat' dir='ltr'>constitissent,</span> <span class='ocrx_word' id='word_1_277' title='bbox 785 3323 947 3382; x_wconf 89' lang='lat' dir='ltr'>clamorem</span> <span class='ocrx_word' id='word_1_278' title='bbox 963 3323 1052 3382; x_wconf 89' lang='lat' dir='ltr'>modo</span> 
     </span>
     <span class='ocr_line' id='line_1_39' title="bbox 146 3401 1053 3481; baseline -0.001 -20"><span class='ocrx_word' id='word_1_279' title='bbox 146 3421 184 3461; x_wconf 89' lang='lat' dir='ltr'>ac</span> <span class='ocrx_word' id='word_1_280' title='bbox 204 3423 311 3462; x_wconf 91' lang='lat' dir='ltr'>sonum</span> <span class='ocrx_word' id='word_1_281' title='bbox 334 3423 486 3463; x_wconf 89' lang='lat' dir='ltr'>armorum</span> <span class='ocrx_word' id='word_1_282' title='bbox 509 3403 675 3476; x_wconf 65' lang='lat' dir='ltr'>audientes</span> <span class='ocrx_word' id='word_1_283' title='bbox 690 3422 767 3481; x_wconf 86' lang='lat' dir='ltr'>quae</span> <span class='ocrx_word' id='word_1_284' title='bbox 788 3401 911 3460; x_wconf 87' lang='lat' dir='ltr'>fortuna</span> <span class='ocrx_word' id='word_1_285' title='bbox 932 3417 1053 3479; x_wconf 82' lang='lat' dir='ltr'>pugnae</span> 
     </span>
     <span class='ocr_line' id='line_1_40' title="bbox 146 3479 1051 3564; baseline -0.003 -22"><span class='ocrx_word' id='word_1_286' title='bbox 146 3493 224 3543; x_wconf 88' lang='lat' dir='ltr'>esset</span> <span class='ocrx_word' id='word_1_287' title='bbox 245 3495 343 3564; x_wconf 87' lang='lat' dir='ltr'>neque</span> <span class='ocrx_word' id='word_1_288' title='bbox 364 3483 441 3544; x_wconf 88' lang='lat' dir='ltr'>scire</span> <span class='ocrx_word' id='word_1_289' title='bbox 464 3503 520 3543; x_wconf 88' lang='lat' dir='ltr'>nec</span> <span class='ocrx_word' id='word_1_290' title='bbox 542 3482 710 3562; x_wconf 85' lang='lat' dir='ltr'>perspicere</span> <span class='ocrx_word' id='word_1_291' title='bbox 731 3501 804 3561; x_wconf 90' lang='lat' dir='ltr'>prae</span> <span class='ocrx_word' id='word_1_292' title='bbox 822 3479 953 3558; x_wconf 90' lang='lat' dir='ltr'>caligine</span> <span class='ocrx_word' id='word_1_293' title='bbox 970 3490 1051 3558; x_wconf 90' lang='lat' dir='ltr'>pote·</span> 
     </span>
    </p>
   </div>
   <div class='ocr_carea' id='block_1_3' title="bbox 0 0 1288 3782">
    <p class='ocr_par' dir='ltr' id='par_1_4' title="bbox 0 0 1288 3782">
     <span class='ocr_line' id='line_1_41' title="bbox 0 0 1288 3782; baseline 0 1"><span class='ocrx_word' id='word_1_294' title='bbox 0 0 1288 3782; x_wconf 95' lang='lat' dir='ltr'> </span> 
     </span>
    </p>
   </div>
  </div>
 </body>
</html>
