2568 3782
403 245 537 293 unns
561 245 657 310 xxr,
683 227 813 293 48-49.
1041 225 1105 295 lat

150 405 216 486 ejus
231 413 314 466 terra
327 402 464 482 marique
477 421 525 462 res
538 410 647 482 gestae.
688 401 810 482 Viginti
824 402 897 482 quin
920 421 1054 464 neremes

151 507 223 547 eum
239 484 324 546 mille
339 483 465 543 armatis
478 483 516 544 ad
532 483 776 563 depopulandam
798 503 882 544 oram
899 422 1015 543 ltaliae
1035 503 1055 544 a

151 563 458 644 Carthaginiensibus
482 565 606 636 missae;
627 584 736 624 novem
762 562 900 642 Liparas,
923 573 990 623 octo
1014 563 1054 624 ad

151 646 287 706 insulam
310 643 447 706 Vulcani
471 653 643 718 tennerunt,
665 652 725 704 tres
750 643 780 702 in
807 647 917 704 l'retum
943 645 1055 704 avertit

151 737 262 788 aestus.
303 725 355 786 Ad
387 745 437 785 aas
472 737 645 804 conspectas
673 745 692 784 a
719 724 859 784 Messana
894 723 1055 784 duodecim
1090 727 1109 788 b

152 827 246 868 naves
268 805 307 866 ab
328 805 466 867 Hierone
490 826 559 884 rege
584 806 843 885 Syracusanorum
866 804 981 876 missae,
1002 805 1055 883 qni

153 895 220 948 tum
240 887 319 948 forte
339 885 498 946 Messanae
520 896 585 946 erat
606 885 759 945 consulem
779 884 952 944 Romanum
967 904 1056 964 oppe-

154 967 243 1040 riens,
264 966 350 1027 nullo
371 977 562 1047 repugnante
583 976 688 1044 captas
713 985 805 1026 naves
829 965 1000 1024 Messanam
1023 966 1056 1024 in

154 1057 275 1128 portum
290 1047 492 1108 deduxerunt.
535 1049 700 1126 Cognitum
722 1065 761 1104 ex
782 1045 921 1124 captivis,
958 1056 1057 1105 raeter

154 1128 266 1207 viginti
291 1149 392 1201 naves,
419 1129 505 1208 eujus
530 1129 588 1208 ipsi
613 1128 715 1188 classis
741 1137 846 1198 essent,
872 1127 904 1185 in
930 1066 1056 1186 llaliam
1072 1128 1110 1192 10

155 1211 268 1288 missas,
283 1209 418 1288 quinque
440 1219 470 1269 et
494 1209 622 1288 triginta
650 1207 727 1268 alias
755 1207 985 1286 quinqueremes
1012 1206 1057 1267 si-

154 1288 259 1349 ciliam
272 1298 374 1368 petere
388 1289 427 1349 ad
441 1289 651 1350 sollicitandos
661 1297 776 1349 veteres
786 1289 899 1359 socios3
914 1285 1056 1370 Lilybaei

154 1370 325 1449 occupandi
345 1371 541 1448 praecipuam
564 1389 669 1433 curam
692 1388 771 1440 esse;
800 1368 929 1440 credere,
951 1368 1056 1428 eadem

154 1459 342 1530 tempestate,
357 1470 418 1528 qua
432 1450 490 1528 ipsi
504 1449 622 1529 disjecti
638 1450 745 1520 forent,
761 1469 827 1508 eam
847 1468 966 1527 quoque
984 1449 1058 1508 clas·

154 1550 215 1591 scm
229 1530 270 1590 ad
285 1530 412 1609 Aegatis
426 1531 540 1590 insulas
555 1531 712 1610 dejectam.
749 1529 845 1601 Haec,
859 1530 937 1588 sicut
952 1529 1058 1588 audita
1073 1531 1111 1592 15

155 1620 251 1683 erant,
275 1629 331 1670 rex
356 1609 399 1670 M.
423 1611 557 1672 Aemilio
583 1610 725 1690 praetori,
751 1611 836 1689 cujus
864 1609 970 1670 Sicilia
990 1629 1058 1688 pro·

155 1691 258 1754 vincia
272 1700 347 1763 erat,
359 1691 527 1769 perscribit,
538 1701 708 1770 monetque,
724 1699 759 1751 ut
772 1689 955 1768 Lilybaeum
971 1689 1058 1749 firmo

155 1781 271 1832 teneret
286 1771 443 1850 praesidio.
486 1771 653 1850 Extemplo
668 1781 698 1832 et
713 1791 732 1830 a
747 1782 884 1849 praetore
895 1771 975 1830 circa
986 1770 1058 1830 civi·

155 1858 231 1910 tates
254 1849 337 1910 missi
364 1849 456 1927 legati
485 1849 669 1930 tribunique,
697 1850 748 1930 qni
782 1871 849 1910 suos
885 1850 924 1909 ad
959 1869 1061 1908 curam

156 1929 308 1990 custodiae
342 1929 541 2001 intenderent,
577 1937 602 1990 et
640 1938 711 1990 ante
745 1931 847 1990 omnia
881 1929 1063 2009 Lilybaeum
1075 1924 1117 1987 20

157 2007 253 2066 teneri
288 2016 439 2084 apparatu
474 2007 556 2080 belli,
590 2007 691 2068 edicto
725 2009 889 2088 proposito,
917 2018 952 2068 nt
985 2008 1059 2068 socii

157 2086 282 2148 navales
301 2087 403 2146 decem
422 2087 539 2147 dierum
562 2099 650 2150 cocta
670 2089 785 2149 cibaris
804 2089 844 2148 ad
858 2109 950 2149 naves
964 2088 1060 2148 defer·

157 2176 233 2240 rent,
257 2176 301 2237 ut,
325 2167 377 2225 ubi
399 2168 521 2246 signum
546 2169 653 2228 datum
677 2180 760 2242 esset,
784 2189 822 2229 ne
845 2169 918 2248 quid
943 2189 1059 2228 moram

157 2245 379 2308 conscendendi
404 2248 525 2322 iaceret,
549 2270 661 2328 perque
685 2271 805 2310 omnem
829 2270 924 2321 oram,
944 2251 995 2327 qui
1021 2269 1060 2308 ex

157 2327 287 2406 speculis
308 2329 512 2406 prospicerent
533 2329 748 2390 adventantem
771 2331 901 2390 hostiurn
925 2330 1059 2402 classem,
1075 2333 1113 2394 26

60 2463 64 2472 .
157 2408 264 2467 missis.
306 2407 425 2486 Itaque,
440 2429 625 2488 quamquam
640 2411 677 2470 de
692 2411 842 2485 industria
863 2411 972 2471 morati
994 2419 1089 2470 cur-²¹
1121 2421 1142 2428 ''
1262 2470 1267 2480 ,

157 2508 224 2548 sum
250 2489 375 2549 navium
401 2499 487 2549 erant
512 2483 786 2570 Carthaginienses,
813 2501 847 2551 ut
861 2501 932 2552 ante
959 2490 1060 2551 lucem
1075 2507 1097 2552 ‚c
1159 2530 1184 2548 ,.

158 2569 336 2630 accederent
361 2569 553 2650 Lilybaeum,
576 2592 766 2650 praesensum
789 2581 890 2632 tamen
913 2572 1061 2650 estquis
1121 2610 1154 2627 -.-

158 2657 189 2709 et
213 2649 288 2708 luna
312 2669 428 2728 pernox
452 2660 518 2712 erat
542 2662 572 2713 et
593 2652 722 2713 sublatis
744 2654 940 2713 armamentis
961 2653 1061 2714 venie-

159 2727 242 2790 bant.
285 2729 450 2810 Extemplo
465 2732 572 2792 datum
587 2733 747 2812 especulis
764 2734 883 2812 signum
905 2742 935 2793 et
955 2734 987 2792 in
1009 2754 1059 2813 op·
1074 2735 1114 2798 30

160 2810 231 2888 pido
245 2809 286 2868 ad
300 2830 386 2870 arma
402 2813 625 2874 conclamatum
647 2823 690 2874 est
712 2823 742 2873 et
763 2815 794 2872 in
811 2835 904 2876 naves
922 2834 1060 2891 conscen-

159 2909 242 2962 sum;
258 2911 328 2968 pars
343 2891 477 2952 militam
493 2893 524 2952 in
540 2894 634 2954 muris
646 2903 862 2972 portarumque
878 2896 909 2954 in
924 2895 1060 2954 stationi·

158 2968 224 3044 hus,
234 2991 304 3050 pars
319 2971 350 3030 in
365 2973 496 3034 navibus
509 2983 605 3034 erant.
647 2973 690 3034 Et
704 2974 977 3053 Carthaginienses,
987 2975 1060 3052 quia

159 3071 222 3110 rem
247 3051 312 3111 fore
336 3053 411 3112 haut
436 3074 505 3114 cum
531 3055 678 3132 inparatis
703 3055 877 3126 cernebant,
902 3075 996 3133 usque
1020 3055 1059 3114 nd

158 3130 258 3191 lucem
281 3141 370 3210 portu
391 3153 422 3192 se
443 3134 665 3206 abstinuerunt,
687 3135 842 3194 demendis
864 3137 1060 3195 armamentis
1075 3135 1113 3196 35

159 3231 193 3270 eo
213 3221 349 3292 tempore
370 3215 564 3292 aptandaque
578 3214 617 3294 ad
632 3235 767 3294 pugnam
782 3215 875 3275 classe
889 3216 1059 3293 absumpta.

159 3290 224 3352 Ubi
245 3293 370 3366 inluxit,
385 3313 523 3373 recepere
545 3294 670 3354 classem
691 3296 721 3353 in
744 3295 851 3366 altum,
873 3305 906 3355 ut
927 3299 1059 3373 spatium

158 3391 280 3451 pugnae
294 3384 370 3432 esset
384 3375 560 3453 exitumque
575 3374 704 3434 liberum
728 3395 744 3433 e
766 3388 856 3451 portu
879 3395 971 3434 naves
994 3376 1060 3433 hos·

158 3451 235 3514 tium
251 3453 408 3514 haberent.
449 3453 515 3515 Nec
536 3455 669 3515 Romani
689 3454 896 3514 detrectavere
914 3473 1061 3531 pugnam,
