2520 3784
416 241 551 288 urana
578 239 603 304 1,
633 222 762 285 14-15.
1045 217 1085 285 31

126 417 162 472 ut
191 416 294 468 tamen
322 398 521 479 expiarentur
544 396 715 476 legatorum
741 393 872 474 injuriae
896 392 1034 472 regisque

128 489 245 560 caedes,
260 481 365 544 foedus
389 479 467 540 inter
491 478 622 538 Romam
643 475 869 554 Laviniumque
886 475 975 534 urbes
992 494 1035 534 re-

128 578 276 632 novatum
292 574 345 624 est.

171 651 214 711 Et
243 669 312 709 cum
340 645 388 706 his
418 641 541 720 quidem
571 638 724 716 insperata
752 655 814 714 pax
843 643 925 696 erat:
950 635 1036 696 aliud

130 732 229 792 multo
257 727 381 808 propius
410 734 502 801 atque
527 720 658 797 in'ipsis
683 737 776 796 prope
802 717 896 795 portis
920 716 1036 776 bellum
1071 719 1090 780 5

130 822 241 873 ortum.
284 808 448 868 Fidenates
469 803 560 862 nimis
583 800 699 859 vicinas
721 818 814 876 prope
834 817 865 856 se
884 798 1036 857 convales-

132 914 200 953 cere
213 911 285 969 opes
298 890 368 962 rati,
383 887 561 967 priusquam
578 889 698 940 tautum
714 878 830 938 roboris
844 888 928 950 esset,
943 897 1037 956 qnan-

131 984 198 1033 tum
227 973 365 1032 futurum
394 967 571 1048 apparebat,
603 969 754 1038 occupant
785 957 899 1050 bellum
929 961 1036 1018 facere.

132 1053 304 1115 Juventute
318 1061 438 1110 armata
454 1047 597 1120 immissa,
615 1051 753 1102 vastatur
776 1059 843 1118 agri
862 1040 942 1119 quod
958 1041 1039 1099 inter

132 1134 241 1194 urbem
262 1153 298 1192 ac
320 1132 452 1191 Fidenas
473 1140 534 1199 est3
557 1128 628 1187 inde
652 1123 691 1182 ad
714 1123 834 1182 laevam
856 1122 943 1193 versi,
965 1123 1038 1200 quia
1053 1123 1092 1184 10

132 1215 244 1274 dextra
271 1213 389 1272 Tiberis
418 1211 549 1281 arcebat,
581 1229 649 1269 oum
688 1224 799 1282 magna
834 1202 1038 1283 trepidatione

131 1295 300 1374 agrestium
321 1293 516 1372 populantur,
539 1290 747 1365 tumultusque
769 1305 876 1364 repens
897 1305 936 1344 ex
957 1285 1039 1364 agris

132 1377 167 1436 in
181 1375 287 1434 urbem
303 1373 417 1432 inlatus
432 1393 486 1451 pro
501 1372 609 1431 nuntio
624 1371 692 1430 ibit.
737 1367 867 1427 Excitus
880 1365 1037 1437 Romulus,

134 1456 248 1534 (neque
273 1455 353 1514 enim
379 1453 557 1513 dilationem
583 1451 648 1530 pati
672 1462 736 1512 tam
764 1448 900 1510 vicinum
924 1446 1038 1506 bellum

133 1540 279 1617 poterat)
305 1535 472 1594 exercitum
500 1533 611 1604 educit,
636 1543 736 1592 castra
762 1551 781 1590 a
806 1529 931 1590 Fidenis
955 1527 1093 1591 mille15

134 1635 279 1696 passuum
292 1615 379 1674 locat.
416 1614 465 1674 Ibi
475 1614 595 1674 modico
606 1613 757 1692 praesidio
774 1611 889 1683 relicto,
905 1630 1039 1689 egressus

133 1696 277 1758 omnibus
305 1696 398 1774 copiis
425 1705 544 1774 partem
572 1695 705 1754 militum
735 1694 808 1754 locis
837 1693 918 1752 circa
947 1692 1040 1752 densa

134 1778 235 1838 obsita
254 1775 390 1856 virgulta
410 1775 544 1836 obscuris
566 1775 720 1835 subsidere
743 1775 774 1834 in
797 1773 914 1834 insidiis
931 1774 1038 1853 jussit;

134 1879 206 1919 cum
227 1868 315 1936 parte
337 1857 449 1935 majore
470 1867 561 1934 atque
579 1856 661 1915 omni
677 1856 816 1934 equitatu
832 1855 993 1934 profectus,
1009 1853 1040 1912 id

135 1938 217 2018 quod
232 1937 407 2016 quaerebat,
422 1939 608 1997 tumultuoso
620 1946 650 1995 et
662 1937 774 1996 minaci
787 1957 896 2016 genere
911 1955 1041 2014 pugnae,
1054 1935 1096 1997 ’20

135 2018 344 2097 adequitando
353 2019 425 2096 ipsis
437 2038 530 2097 prope
542 2017 644 2096 portia,
655 2018 771 2077 hostem
782 2018 906 2078 excivit.
936 2017 1042 2094 Fugae

136 2119 267 2179 quoque,
282 2118 359 2177 quae
373 2098 546 2158 simulanda
561 2107 635 2168 erat,
651 2097 758 2158 eadem
778 2099 923 2178 equestris
938 2117 1042 2177 pugna

137 2199 261 2240 causam
276 2180 375 2238 minus
391 2178 562 2238 mirabilem
578 2179 671 2239 dedit.
716 2179 759 2238 Et
774 2201 853 2252 oum,
863 2179 949 2240 velut
963 2179 1044 2238 iuter

137 2280 260 2340 pugnae
274 2259 423 2338 fugaeque
438 2259 598 2319 consilium
610 2259 783 2337 trepidante
795 2262 941 2340 equitatu,
953 2259 1044 2340 pedes

137 2360 259 2420 quoque
280 2340 404 2399 referret
425 2340 564 2418 gradum,
582 2341 680 2418 plenis
703 2351 825 2420 repente
844 2342 938 2420 portis
958 2341 1043 2400 effusi
1054 2340 1098 2402 ’25

137 2422 248 2492 hostes,
263 2420 384 2498 inpulsa
402 2421 542 2481 Romana
560 2421 634 2494 acie,
653 2423 754 2482 studio
772 2423 904 2482 instandi
922 2441 1044 2500 sequen-

139 2502 231 2579 dique
249 2502 414 2560 trahuntur
435 2501 475 2560 ad
494 2501 595 2561 locum
616 2503 805 2562 insidiarum.
848 2503 925 2562 Inde
945 2503 1046 2564 subito

139 2581 239 2642 exorti
256 2581 387 2640 Romani
404 2592 607 2642 transversam
625 2584 776 2643 invadunt
792 2585 921 2644 hostium
939 2585 1044 2644 aciem.

140 2662 273 2722 Addunt
294 2682 436 2740 paverem
461 2671 543 2723 mota
569 2665 675 2723 castris
700 2665 787 2741 signa
810 2685 923 2736 eorum,
938 2665 990 2743 qui
1012 2663 1043 2722 in

140 2742 294 2822 praesidio
312 2742 411 2803 relicti
428 2743 559 2804 fuerant.
606 2743 656 2804 Ita
671 2744 836 2821 multiplici
852 2756 966 2804 terrore
982 2764 1045 2822 per·
1060 2746 1099 2807 30

142 2823 219 2882 oulsi
241 2821 413 2895 Fidenates,
430 2825 513 2902 prius
531 2844 626 2903 paene
644 2845 736 2903 quarn
759 2825 916 2896 Romulus,
934 2826 1046 2904 quique

142 2923 211 2962 curn
234 2923 269 2962 eo
284 2903 341 2963 visi
355 2915 451 2976 erant,
468 2904 711 2982 circumagerent
732 2905 824 2964 frenis
846 2927 946 2984 equae,
962 2915 1047 2983 terga

142 2992 286 3052 vertunt:
317 2985 473 3063 multoque
497 2985 630 3057 effusius,
655 2986 768 3064 quippe
790 3005 863 3047 vera
886 2986 968 3063 fuga,
993 2985 1046 3063 qni

142 3063 321 3123 simulantes
342 3065 434 3143 paulo
457 3071 528 3124 ante
549 3067 645 3125 secuti
662 3076 758 3137 erant,
774 3067 919 3144 oppidum
930 3077 1047 3144 'repete-

143 3143 225 3204 bant
268 3143 339 3203 Non
355 3155 456 3204 tamen
473 3147 610 3224 eripuere
623 3167 654 3206 se
669 3147 764 3206 hosti:
781 3147 907 3206 haerens
918 3147 948 3204 in
962 3156 1046 3221 tergo
1062 3145 1100 3205 35

144 3223 310 3296 Romanus,
340 3227 518 3304 priusquam
548 3227 626 3286 fores
655 3237 812 3305 portarum
845 3226 1046 3296 obicerentur,

143 3304 229 3366 velut
252 3307 374 3384 agmine
395 3327 456 3365 uno
479 3307 635 3384 inrumpit.

184 3385 260 3448 XV.
305 3387 386 3446 Belli
411 3387 568 3445 Fidenatis
593 3385 772 3462 contagione
798 3383 918 3442 inritati
937 3381 1048 3440 Veien-

145 3465 221 3526 tium
243 3467 340 3526 animi
361 3478 391 3526 et
408 3466 681 3544 consanguinitate,
698 3471 785 3541 (nam
800 3463 962 3522 Fidenates
976 3479 1048 3537 qno·
