2568 3782
430 237 562 284 arasa
586 235 685 301 m,
713 220 856 316 25-26„
1073 223 1136 288 105

178 394 401 455 Brixianorum
418 395 508 455 etiam
525 393 686 455 Gallorum
708 395 825 455 auxilio
846 394 990 455 adversus
1008 416 1082 457 cres·

177 485 296 535 centem
314 477 344 534 in
361 476 423 535 dies
438 475 665 536 multitudinem
681 475 811 534 bostium
827 475 1016 535 tutabantur.

218 555 348 616 XXVI.
392 551 460 656 9⁰³
476 537 625 615 tiimir'ltiis
647 539 752 648 repobus
765 557 840 652 post
861 539 932 614 ira'm
956 545 1000 617 est
1024 547 1082 616 RK·

177 617 259 694 mllm
283 631 425 714 pcrffitus,
448 635 478 696 tlt
499 620 651 695 Piin'iclim
672 619 796 712 rusbper
820 577 941 696 Gflaffi
967 623 1080 697 bellum

178 725 303 775 auctum
320 729 420 794 patres
434 725 625 794 acceperuut,
635 715 669 776 C.
682 715 813 775 Atilium
828 726 994 792 praetorem
1012 738 1080 778 cum
1116 723 1136 782 ὃ

177 815 241 854 una
264 795 384 873 legione
409 796 549 856 Romana
570 806 600 855 et
621 796 755 874 quinque
777 795 900 856 milibus
921 797 1081 872 sociorum,

78 898 99 950 ζ,
117 874 293 956 3Wdilectu
319 896 398 936 novo
423 897 441 934 a
466 876 589 936 consule
615 877 800 953 conscriptio,
825 877 976 937 auxilium
1003 879 1081 940 ferre

87 959 93 964 '
178 953 298 1014 Manlio
308 955 434 1034 jubent;
456 956 508 1034 qui
523 956 587 1015 sine
601 956 666 1014 ullo
681 956 845 1015 certamine
861 957 1081 1030 (abscesserant

179 1035 258 1094 eninr
274 1047 357 1094 metu
373 1037 485 1115 hostes)
502 1036 673 1096 Tannetum
688 1037 834 1114 pervenit.

217 1115 260 1174 Et
275 1115 310 1175 P.
326 1114 493 1188 Cornelius,
515 1117 547 1174 in
573 1115 674 1176 locum
699 1116 770 1194 ejus,
793 1137 870 1195 quae
896 1118 985 1178 missa
1010 1139 1078 1180 cum
1096 1125 1135 1186 10

177 1205 315 1274 praetore
331 1205 404 1268 erat,
420 1197 533 1275 scripta
548 1196 666 1273 legione
680 1217 769 1270 nova,
784 1199 935 1275 profectus
950 1199 989 1258 ab
1005 1195 1079 1261 urbe

177 1277 338 1354 sexaginta
365 1276 464 1356 longis
493 1276 632 1349 navibus,
661 1288 781 1356 praeter
815 1299 898 1337 oram
935 1279 1080 1340 Etruriae

177 1354 388 1435 Ligurumque
409 1367 438 1417 et
460 1357 530 1416 inde
551 1357 678 1436 Salyum
705 1359 813 1422 montis
839 1361 978 1436 pervenit
999 1360 1078 1421 Mas·

176 1436 286 1508 ailiam,
304 1446 335 1498 et
356 1437 396 1497 ad
418 1457 600 1516 proxumum
623 1439 731 1498 ostium
755 1438 898 1498 Rhodani
923 1440 1077 1517 (pluribus

176 1516 256 1576 enirn
279 1517 395 1579 divisus
416 1518 513 1576 amnis
535 1517 566 1575 in
588 1539 671 1578 marc
693 1519 842 1594 decurrit)
864 1529 962 1580 castra
987 1520 1076 1594 locat,
1094 1528 1131 1589 15

175 1596 306 1658 vixdum
331 1599 418 1658 satis'
445 1599 549 1658 redens
575 1597 783 1657 Hannibalern
808 1619 962 1678 superasse
987 1599 1078 1679 Pyre·

175 1697 265 1738 naeus
281 1680 398 1739 montis.
411 1619 539 1818 [Quem
556 1688 590 1739 ut
605 1679 642 1738 dc
657 1679 799 1738 Rhodani
815 1698 932 1757 quoque
947 1681 1076 1741 transitu

175 1759 293 1836 agitare
306 1760 410 1844 anima
434 1759 535 1852 vertit'
549 1759 690 1830 incertus,
706 1781 835 1837 quonam
852 1761 878 1819 ci
895 1761 960 1820 loco
974 1781 1077 1820 occur·

175 1845 263 1911 reret,
278 1839 408 2008 neopum
430 1850 502 1900 saus
524 1839 642 1900 refectis
666 1840 704 1899 ab
724 1839 891 1918 jactatione
914 1842 1077 1902 marituma

174 1919 332 1992 militibus,
348 1929 497 1980 trecentos
518 1914 639 1979 interim
661 1920 791 1980 delectos
812 1922 926 1999 equites
948 1921 1075 1983 ducibus
1091 1929 1130 1992 20

175 2001 416 2062 Massiliensibus
432 2011 462 2062 et
476 1999 679 2060 auxiliaribus
700 1999 802 2061 Gallis
824 2002 863 2060 ad
885 2001 1076 2080 exploranda

174 2082 278 2141 omnia
292 2083 490 2162 visendosque
510 2101 548 2141 cx
569 2090 636 2140 tuto
655 2082 754 2142 hostes
768 2083 946 2160 praemittit.
988 2082 1076 2142 Hun-

174 2161 268 2234 nibal,
289 2163 396 2221 ceteris
420 2172 502 2221 metu
528 2173 582 2220 aut
607 2161 703 2239 pretio
725 2163 854 2239 pacatis'
868 2163 933 2240 jam
954 2163 985 2222 iu
1001 2163 1075 2224 Vol·

174 2261 280 2301 carum
308 2250 487 2324 pervenerat
515 2262 633 2320 agrum,
662 2241 759 2320 gentis
787 2242 919 2302 validae.
961 2243 1075 2305 Colunt

172 2331 275 2382 autem
298 2322 379 2382 circa
407 2332 566 2400 utramque
595 2323 692 2401 ripam
719 2321 880 2395 Rliodani3
908 2323 960 2383 sed
985 2323 1074 2385 diffisi
1090 2331 1128 2392 25

173 2402 313 2462 citeriore
336 2422 409 2480 agro
434 2404 531 2462 arceri
556 2402 690 2462 Poenum
718 2423 810 2480 posse,
832 2413 865 2462 ut
886 2403 999 2462 flumen
1021 2425 1075 2482 pro

173 2483 362 2542 munimento
377 2481 531 2555 haberent,
547 2483 687 2543 omnibus
709 2483 803 2542 ferme
819 2485 880 2542 suis
895 2493 978 2544 trans
994 2484 1075 2545 Rho·

173 2562 287 2623 danum
310 2564 454 2641 traiectis,
476 2562 650 2624 ulteriorem
672 2563 771 2640 ripam
792 2563 889 2622 amnis
911 2564 1003 2623 armis
1025 2565 1075 2624 ob·
1158 2575 1160 2581 ’

172 2639 345 2739 tinebant-ji
355 2643 476 2703 Ceteros
488 2642 604 2704 accolas
616 2643 749 2702 fluminis
759 2641 917 2702 Hannibal
930 2655 1074 2704 eteorum

172 2723 182 2782 i
239 2743 316 2796 rum,
342 2718 416 2801 'cruos
439 2723 523 2784 sedes
546 2743 618 2804 suae
642 2733 813 2795 tenuerant,
838 2724 927 2783 simul
953 2725 1074 2803 perlicit
1089 2731 1128 2792 30

36 2867 44 2876 .
61 2839 74 2854 2
87 2823 109 2877 a
172 2745 259 2862 ciliis
274 2805 313 2864 ad
328 2824 420 2863 naves
432 2804 565 2882 undique
577 2805 798 2864 contrahendas
811 2804 1073 2884 l'abricandasque,

58 2873 139 2970 73!
149 2893 158 2909 ‘
170 2884 263 2959 Qui
279 2894 309 2944 et
323 2885 380 2963 ipsi
392 2886 480 2945 traici
492 2887 661 2944 exercitum
672 2885 827 2963 levarique
839 2906 929 2963 quam
944 2887 1075 2964 primurn

36 2977 54 3003 Ἰ
73 2967 127 3034 1'7
171 2965 325 3042 regionem
347 2985 432 3026 suam
452 2975 539 3026 tanta
557 2965 714 3024 hominurn
730 2975 857 3043 urgcntc
870 2966 961 3026 turba
976 2968 1075 3045 cupic·
1136 3025 1141 3035 ,

171 3043 255 3104 bant.
298 3045 407 3124 ltaque
431 3046 536 3124 ingens
562 3055 666 3104 coacta
687 3046 735 3103 vis'
758 3047 884 3106 navium
910 3057 954 3107 est
977 3045 1142 3106 lintri-&¹¹

171 3143 284 3204 umque
308 3135 420 3185 temere
444 3127 483 3185 ad
506 3126 669 3186 vicinalem
685 3145 781 3184 ¹usum
808 3135 1002 3203 paratarum;
1024 3147 1074 3186 no·
1090 3132 1128 3192 35

171 3225 285 3283 vasque
306 3207 382 3265 alias
403 3207 535 3283 primum
557 3205 641 3266 Galli
664 3205 840 3264 inchoantes
862 3208 1015 3266 cavabant
1037 3229 1074 3266 cx

169 3285 299 3364 siugulis
315 3286 483 3358 arboribus,
499 3286 609 3346 deinde
623 3295 653 3344 ct
668 3286 724 3363 ipsi
740 3287 860 3357 milites
875 3287 965 3346 simul
989 3289 1076 3364 copia

169 3365 316 3426 materiae
340 3366 430 3425 simul
456 3366 605 3426 facilitate
631 3365 728 3442 operis
753 3366 880 3437 inducti,
906 3366 1008 3426 alveos
1032 3369 1076 3424 in·

170 3444 289 3519 formes,
305 3445 383 3514 nihil
402 3446 566 3506 dummodo
584 3447 691 3505 innare
707 3462 805 3522 aquae
819 3454 848 3504 et
863 3463 969 3524 capere
983 3464 1075 3504 onera

352 3689 373 3731 .·l
