2568 3782
164 255 227 320 116
337 269 428 316 r1n1
454 268 550 316 mvn
576 267 632 314 AB
658 267 772 316 vana
802 266 994 314 counrrn

215 427 300 506 quies
315 425 479 486 muniendo
500 425 584 485 fessis
605 423 780 484 bominibus
794 421 876 484 data
917 422 1033 484 Triduo
1049 423 1122 484 inde

215 508 255 569 ad
270 507 396 586 planum
412 506 597 576 descensum,
608 506 673 585 jam
689 513 719 564 et
733 504 807 564 locis
821 503 1012 564 mollioribus
1027 497 1123 564 etac-

215 588 352 649 colarum
367 588 504 665 ingeniis.
523 603 525 612 ’

221 686 224 691 ·
257 666 455 728 XXXVIII.
498 665 568 726 Hoc
589 665 724 726 maxime
745 663 834 724 modo
855 663 887 722 ln
909 662 1035 724 Italiam
1057 685 1125 743 per-

185 751 203 811 5
217 757 342 812 ventum
357 755 410 820 cst,
425 747 533 825 quinto
547 766 649 806 mense
663 766 682 805 a
696 744 883 823 Carthagine
898 743 928 802 N
930 764 997 816 ova,
1011 753 1044 804 ut
1058 745 1125 823 qui-

217 829 289 890 dam
304 837 441 888 auctores
455 838 535 900 sunt,
551 827 658 906 quinto
679 825 797 884 decimo
816 824 866 883 die
886 823 1020 902 Alpibus
1037 845 1125 904 supe·

217 909 300 969 ratis.
343 908 486 984 Quantae
500 908 605 986 copiae
619 916 804 983 transgresso
818 905 850 963 in
865 903 990 964 Italiam
1002 904 1125 964 Hanni-

218 989 282 1049 bali
297 987 419 1061 fuerint,
435 1007 627 1067 nequaquam
643 987 722 1046 inter
736 993 874 1045 auctores
889 993 1029 1044 constat:
1060 985 1125 1061 Qui

220 1069 396 1148 plurimum,
419 1078 540 1128 eentum
568 1067 655 1126 milia
682 1065 829 1146 peditum,
851 1055 961 1144 viginti
983 1065 1123 1144 equitum

167 1153 205 1215 10
219 1150 310 1210 fuisse
324 1148 471 1221 scribunt,
486 1148 539 1227 qui
553 1148 723 1218 minimum,
739 1145 850 1224 viginti
871 1145 957 1204 milia
974 1146 1125 1223 peditum,

219 1249 273 1290 sex
287 1229 432 1308 equitum.
468 1227 511 1288 'Ia
534 1227 657 1288 Cincius
678 1226 863 1299 Alimentus,
877 1225 931 1304 qui
948 1234 1072 1304 captum
1093 1245 1127 1286 se

217 1308 256 1370 ab
284 1307 461 1368 Hannibale
488 1309 600 1382 scribit,
621 1309 754 1376 maxime
781 1329 825 1368 ute
852 1317 957 1368 auctor
981 1317 1126 1381 moveret,

217 1389 275 1448 nisi
303 1387 499 1452 confunderet
526 1409 686 1450 numerum
708 1388 807 1448 Gallis
828 1387 1053 1466 Liguribusque
1074 1388 1126 1446 ad-

222 1469 311 1530 ditis:
333 1489 403 1529 cum
417 1469 465 1530 his
479 1465 634 1548 bctoginta
655 1467 742 1528 milia
762 1467 908 1546 peditum,
924 1468 1027 1528 decem
1042 1469 1127 1548 equi-

169 1553 209 1614 15
223 1558 288 1610 tum
303 1549 454 1621 adducta3
479 1549 525 1626 tin
541 1549 635 1628 Italia
649 1547 746 1627 magis
760 1547 926 1608 adfluxisse
939 1550 1004 1611 veri
1025 1550 1127 1610 simile

222 1639 276 1704 est,
300 1638 331 1690 et
355 1630 399 1688 ita
423 1630 547 1709 quidam
573 1635 710 1690 auctores
733 1634 836 1709 suut;)
866 1635 905 1690 'ex
933 1620 999 1709 ipso
1021 1641 1125 1690 autem

222 1711 341 1771 audisse
361 1709 549 1784 Hannibale,
571 1721 730 1790 postquam
753 1710 939 1772 Rhodanum
960 1712 1126 1784 transierit,

222 1792 350 1870 triginta
370 1811 424 1850 sex
445 1791 531 1851 milia
551 1791 709 1852 hominum
729 1793 943 1871 ingentemque
1007 1813 1126 1852 merum

223 1892 368 1953 equorum
388 1881 419 1932 et
437 1871 567 1932 aliorum
583 1873 792 1952 jumentorum
813 1806 1126 1982 amisisseffiaurini

170 1954 209 2016 20
223 1952 381 2031 Semigalli
406 1973 557 2032 proxuma
580 1973 653 2032 gens
681 1963 746 2014 erat
771 1954 804 2014 in
828 1954 953 2016 Italiam
977 1955 1125 2034 degresso.

224 2033 262 2095 Id
278 2054 347 2094 cum
362 2033 442 2094 iuter
456 2055 559 2096 omnes
573 2047 698 2109 constet,
712 2059 747 2098 eo
769 2039 865 2117 magis
886 2039 980 2098 miror
1000 2037 1125 2116 ambigi,

223 2138 356 2197 quanam
381 2117 472 2197 Alpis
496 2120 659 2192 transierit,
680 2129 710 2181 et
731 2121 823 2200 vulgo
845 2121 968 2181 credere
989 2120 1126 2179 Poenino

226 2205 332 2280 (atque
353 2201 424 2262 inde
444 2221 554 2261 nomen
575 2201 603 2261 ei
620 2203 695 2281 jugo
710 2201 840 2282 Alpium
860 2203 1007 2276 inditum)
1030 2212 1125 2262 traus-

224 2302 368 2360 gressum,
383 2281 521 2342 Coelium
538 2303 592 2361 per
606 2281 763 2344 Cremonis
779 2285 889 2364 jugum
910 2285 1009 2345 dicere
1030 2293 1125 2344 truns-

172 2360 210 2426 25
224 2363 280 2422 isse
290 2385 297 2436 ;
319 2363 372 2441 qui
389 2361 479 2422 ambo
499 2363 595 2423 saltus
616 2385 683 2424 eum
705 2385 767 2426 non
784 2366 816 2425 in
833 2366 990 2438 Taurinos,
1005 2365 1057 2424 sed
1074 2384 1126 2442 per

225 2443 301 2505 alios
321 2452 480 2506 montanos
501 2444 540 2504 ad
562 2444 677 2508 Libuos
691 2445 799 2508 Gallos
813 2447 1011 2512 deduxissent
1060 2445 1125 2505 Nec

225 2525 289 2586 veri
310 2524 409 2584 simile
430 2533 474 2586 est
494 2547 530 2586 ea
551 2537 617 2586 tum
639 2528 678 2588 ad
700 2527 837 2590 Galliam
852 2530 984 2608 patuisse
998 2529 1125 2600 itinera;

225 2606 330 2685 utique
351 2625 429 2684 quae
450 2605 489 2666 ad
511 2607 681 2668 Poeninum
702 2609 805 2671 ferunt
823 2609 968 2689 obsaepta
986 2609 1126 2688 gentibue

225 2685 458 2764 Semigermanis
473 2687 607 2762 fuissent.
650 2689 757 2768 Neque
767 2689 1056 2758 hercule'montibus
1070 2689 1126 2762 bis,
1198 2741 1200 2746 ,

172 2763 212 2826 30
224 2765 250 2826 si
271 2787 360 2846 quem
381 2767 459 2827 forte
480 2768 511 2828 id
532 2778 643 2843 movet,
658 2769 697 2830 ab
719 2771 850 2832 transitu
871 2771 1042 2830 Poenorum
1063 2769 1127 2828 ullo

222 2844 335 2906 Seduni
356 2845 554 2924 Veragrique,
575 2845 692 2904 incolae
712 2845 780 2924 jugi
801 2846 872 2923 cius,
894 2854 1006 2904 norunt
1025 2867 1127 2906 recurat

222 2925 361 2997 inditum,
376 2927 428 2985 sed
442 2927 481 2985 ab
496 2948 529 2986 eo
544 2948 633 3006 quem
654 2927 686 2984 in
707 2945 823 2985 summo
844 2936 996 2986 sacratum
1016 2927 1128 2988 vertice

223 3006 395 3066 Poeninum
409 3005 727 3085 nrontaniappellant.
791 3035 793 3044 ι
965 3055 968 3070 .
1076 3047 1081 3080 ¹.
1107 3057 1112 3079 ,

189 3095 205 3146 a
265 3085 430 3148 XXXIX.
473 3086 701 3165 Peropportune
715 3085 754 3146 ad
791 3085 1036 3165 rincipiarerum
1051 3084 1129 3165 'lauf

173 3170 211 3230 35
227 3167 311 3240 riuis,
326 3167 483 3244 proximae
497 3168 589 3244 genti,
605 3168 748 3228 adversus
769 3107 912 3226 Insubres
935 3175 1054 3224 motum·
1069 3165 1129 3225 bel-

226 3247 291 3306 lum
307 3256 379 3306 erat.
421 3245 480 3306 Sed
495 3267 613 3306 armare
628 3248 797 3306 exereitum
812 3245 982 3316 Hannibal,
1000 3256 1033 3304 ut
1050 3244 1129 3332 parti

227 3326 316 3387 alteri
330 3325 447 3385 auxilio
462 3335 546 3397 esset,
562 3327 594 3384 in
612 3326 774 3386 reficiendo
795 3327 929 3386 maxime
950 3325 1129 3386 sentientem

194 3469 196 3472 ,
227 3415 384 3465 contracta
408 3415 479 3464 ante
503 3405 595 3476 mala,
620 3426 680 3465 non
707 3415 841 3483 poterat3
863 3405 959 3466 otium
984 3405 1066 3464 enirn
1092 3423 1129 3462 ex

228 3485 341 3557 labore,
363 3485 450 3564 copia
470 3504 508 3544 ex
529 3485 642 3564 inopia,
664 3485 764 3546 cultus
788 3506 828 3546 ex
852 3485 970 3548 inluvie
990 3484 1130 3564 tabeque,
