<?xml version="1.0" encoding="UTF-8"?>
<!DOCTYPE html PUBLIC "-//W3C//DTD XHTML 1.0 Transitional//EN"
    "http://www.w3.org/TR/xhtml1/DTD/xhtml1-transitional.dtd">
<html xmlns="http://www.w3.org/1999/xhtml" xml:lang="en" lang="en">
 <head>
  <title>
</title>
<meta http-equiv="Content-Type" content="text/html;charset=utf-8" />
  <meta name='ocr-system' content='tesseract 3.04.00' />
  <meta name='ocr-capabilities' content='ocr_page ocr_carea ocr_par ocr_line ocrx_word'/>
</head>
<body>
  <div class='ocr_page' id='page_1' title='image "./historieslivybo01chasgoog_0230.png"; bbox 0 0 2562 3788; ppageno 0'>
   <div class='ocr_carea' id='block_1_1' title="bbox 418 214 1133 298">
    <p class='ocr_par' dir='ltr' id='par_1_1' title="bbox 418 214 1133 298">
     <span class='ocr_line' id='line_1_1' title="bbox 418 214 1133 298; baseline 0.006 -18"><span class='ocrx_word' id='word_1_1' title='bbox 418 233 549 280; x_wconf 79' lang='lat' dir='ltr'>mana</span> <span class='ocrx_word' id='word_1_2' title='bbox 575 231 677 298; x_wconf 82' lang='lat' dir='ltr'>xnv,</span> <span class='ocrx_word' id='word_1_3' title='bbox 701 218 829 281; x_wconf 85' lang='lat'><strong>40-42.</strong></span> <span class='ocrx_word' id='word_1_4' title='bbox 1068 214 1133 285; x_wconf 78' lang='lat'>225</span> 
     </span>
    </p>
   </div>
   <div class='ocr_carea' id='block_1_2' title="bbox 102 391 1133 3281">
    <p class='ocr_par' dir='ltr' id='par_1_2' title="bbox 102 391 1133 3281">
     <span class='ocr_line' id='line_1_2' title="bbox 171 391 1080 472; baseline 0 -18"><span class='ocrx_word' id='word_1_5' title='bbox 171 402 268 468; x_wconf 86' lang='lat' dir='ltr'>erant,</span> <span class='ocrx_word' id='word_1_6' title='bbox 288 411 387 470; x_wconf 89' lang='lat' dir='ltr'>neque</span> <span class='ocrx_word' id='word_1_7' title='bbox 407 392 475 471; x_wconf 82' lang='lat' dir='ltr'><strong>cogi</strong></span> <span class='ocrx_word' id='word_1_8' title='bbox 498 409 636 470; x_wconf 82' lang='lat' dir='ltr'>pugnare</span> <span class='ocrx_word' id='word_1_9' title='bbox 659 398 780 470; x_wconf 87' lang='lat' dir='ltr'>poterat</span> <span class='ocrx_word' id='word_1_10' title='bbox 803 410 868 464; x_wconf 87' lang='lat' dir='ltr'>rex,</span> <span class='ocrx_word' id='word_1_11' title='bbox 890 391 969 452; x_wconf 90' lang='lat' dir='ltr'>inter</span> <span class='ocrx_word' id='word_1_12' title='bbox 995 411 1080 472; x_wconf 87' lang='lat' dir='ltr'>prae-</span> 
     </span>
     <span class='ocr_line' id='line_1_3' title="bbox 171 469 1079 554; baseline 0 -20"><span class='ocrx_word' id='word_1_13' title='bbox 171 475 250 535; x_wconf 88' lang='lat' dir='ltr'>sidia</span> <span class='ocrx_word' id='word_1_14' title='bbox 273 475 337 553; x_wconf 86' lang='lat' dir='ltr'>ejus</span> <span class='ocrx_word' id='word_1_15' title='bbox 360 471 473 533; x_wconf 88' lang='lat' dir='ltr'>saltum</span> <span class='ocrx_word' id='word_1_16' title='bbox 498 471 538 531; x_wconf 88' lang='lat' dir='ltr'>ad</span> <span class='ocrx_word' id='word_1_17' title='bbox 562 470 687 531; x_wconf 78' lang='lat' dir='ltr'>Petram</span> <span class='ocrx_word' id='word_1_18' title='bbox 708 469 792 554; x_wconf 77' lang='lat' dir='ltr'>evasi</span> <span class='ocrx_word' id='word_1_19' title='bbox 816 481 847 531; x_wconf 90' lang='lat' dir='ltr'>et</span> <span class='ocrx_word' id='word_1_20' title='bbox 871 471 910 532; x_wconf 83' lang='lat' dir='ltr'>ad</span> <span class='ocrx_word' id='word_1_21' title='bbox 938 471 1079 553; x_wconf 86' lang='lat' dir='ltr'>Pydnam</span> 
     </span>
     <span class='ocr_line' id='line_1_4' title="bbox 171 551 1079 634; baseline 0 -20"><span class='ocrx_word' id='word_1_22' title='bbox 171 575 273 634; x_wconf 82' lang='lat' dir='ltr'>regem</span> <span class='ocrx_word' id='word_1_23' title='bbox 294 553 362 614; x_wconf 87' lang='lat' dir='ltr'>acie</span> <span class='ocrx_word' id='word_1_24' title='bbox 380 553 452 628; x_wconf 82' lang='lat' dir='ltr'>vici,</span> <span class='ocrx_word' id='word_1_25' title='bbox 475 551 690 612; x_wconf 87' lang='lat' dir='ltr'>Macedoniam</span> <span class='ocrx_word' id='word_1_26' title='bbox 714 551 746 610; x_wconf 91' lang='lat' dir='ltr'>in</span> <span class='ocrx_word' id='word_1_27' title='bbox 770 561 950 630; x_wconf 85' lang='lat' dir='ltr'>potestatem</span> <span class='ocrx_word' id='word_1_28' title='bbox 971 555 1079 634; x_wconf 90' lang='lat' dir='ltr'>populi</span> 
     </span>
     <span class='ocr_line' id='line_1_5' title="bbox 172 630 1078 714; baseline -0.001 -18"><span class='ocrx_word' id='word_1_29' title='bbox 172 635 306 696; x_wconf 88' lang='lat' dir='ltr'>Romani</span> <span class='ocrx_word' id='word_1_30' title='bbox 329 634 443 714; x_wconf 81' lang='lat' dir='ltr'>redegi,</span> <span class='ocrx_word' id='word_1_31' title='bbox 465 643 503 706; x_wconf 89' lang='lat' dir='ltr'>et,</span> <span class='ocrx_word' id='word_1_32' title='bbox 526 631 607 711; x_wconf 91' lang='lat' dir='ltr'>quod</span> <span class='ocrx_word' id='word_1_33' title='bbox 630 630 745 692; x_wconf 89' lang='lat' dir='ltr'>bellum</span> <span class='ocrx_word' id='word_1_34' title='bbox 767 651 822 710; x_wconf 89' lang='lat' dir='ltr'>per</span> <span class='ocrx_word' id='word_1_35' title='bbox 844 633 1078 712; x_wconf 75' lang='lat' dir='ltr'>quadriennium</span> 
     </span>
     <span class='ocr_line' id='line_1_6' title="bbox 172 711 1132 796; baseline 0.003 -20"><span class='ocrx_word' id='word_1_36' title='bbox 172 727 317 796; x_wconf 90' lang='lat' dir='ltr'>quattuor</span> <span class='ocrx_word' id='word_1_37' title='bbox 336 725 408 776; x_wconf 84' lang='lat' dir='ltr'>ante</span> <span class='ocrx_word' id='word_1_38' title='bbox 428 735 477 774; x_wconf 90' lang='lat' dir='ltr'>me</span> <span class='ocrx_word' id='word_1_39' title='bbox 497 712 635 776; x_wconf 88' lang='lat' dir='ltr'>consules</span> <span class='ocrx_word' id='word_1_40' title='bbox 655 711 700 772; x_wconf 86' lang='lat' dir='ltr'>ita</span> <span class='ocrx_word' id='word_1_41' title='bbox 718 723 885 792; x_wconf 85' lang='lat' dir='ltr'>gesserunt,</span> <span class='ocrx_word' id='word_1_42' title='bbox 907 725 941 774; x_wconf 91' lang='lat' dir='ltr'>ut</span> <span class='ocrx_word' id='word_1_43' title='bbox 960 736 1079 796; x_wconf 85' lang='lat' dir='ltr'>semper</span> <span class='ocrx_word' id='word_1_44' title='bbox 1113 721 1132 780; x_wconf 82' lang='lat'><strong>5</strong></span> 
     </span>
     <span class='ocr_line' id='line_1_7' title="bbox 171 792 1079 874; baseline 0.001 -17"><span class='ocrx_word' id='word_1_45' title='bbox 171 797 334 858; x_wconf 80' lang='lat' dir='ltr'>successori</span> <span class='ocrx_word' id='word_1_46' title='bbox 347 797 503 858; x_wconf 88' lang='lat' dir='ltr'>traderent</span> <span class='ocrx_word' id='word_1_47' title='bbox 515 795 650 874; x_wconf 86' lang='lat' dir='ltr'>gravius,</span> <span class='ocrx_word' id='word_1_48' title='bbox 665 792 697 852; x_wconf 90' lang='lat' dir='ltr'>id</span> <span class='ocrx_word' id='word_1_49' title='bbox 712 813 768 872; x_wconf 85' lang='lat' dir='ltr'>ego</span> <span class='ocrx_word' id='word_1_50' title='bbox 783 795 957 873; x_wconf 90' lang='lat' dir='ltr'>quindecim</span> <span class='ocrx_word' id='word_1_51' title='bbox 972 797 1079 858; x_wconf 89' lang='lat' dir='ltr'>diebus</span> 
     </span>
     <span class='ocr_line' id='line_1_8' title="bbox 170 875 1080 958; baseline 0.001 -20"><span class='ocrx_word' id='word_1_52' title='bbox 170 877 293 958; x_wconf 82' lang='lat' dir='ltr'>perfeci.</span> <span class='ocrx_word' id='word_1_53' title='bbox 335 876 480 937; x_wconf 85' lang='lat' dir='ltr'>Aliarum</span> <span class='ocrx_word' id='word_1_54' title='bbox 507 875 616 935; x_wconf 90' lang='lat' dir='ltr'>deinde</span> <span class='ocrx_word' id='word_1_55' title='bbox 643 875 848 936; x_wconf 85' lang='lat' dir='ltr'>secundarum</span> <span class='ocrx_word' id='word_1_56' title='bbox 872 897 972 937; x_wconf 90' lang='lat' dir='ltr'>rerum</span> <span class='ocrx_word' id='word_1_57' title='bbox 994 879 1080 940; x_wconf 88' lang='lat' dir='ltr'>velut</span> 
     </span>
     <span class='ocr_line' id='line_1_9' title="bbox 170 955 1079 1038; baseline -0.001 -18"><span class='ocrx_word' id='word_1_58' title='bbox 170 966 336 1038; x_wconf 90' lang='lat' dir='ltr'>proventus</span> <span class='ocrx_word' id='word_1_59' title='bbox 359 967 487 1019; x_wconf 88' lang='lat' dir='ltr'>secutus.</span> <span class='ocrx_word' id='word_1_60' title='bbox 530 955 684 1017; x_wconf 85' lang='lat' dir='ltr'>Divitatee</span> <span class='ocrx_word' id='word_1_61' title='bbox 704 975 808 1016; x_wconf 90' lang='lat' dir='ltr'>omnes</span> <span class='ocrx_word' id='word_1_62' title='bbox 828 957 1027 1019; x_wconf 78' lang='lat' dir='ltr'>Macedoniae</span> <span class='ocrx_word' id='word_1_63' title='bbox 1047 979 1079 1020; x_wconf 88' lang='lat' dir='ltr'>se</span> 
     </span>
     <span class='ocr_line' id='line_1_10' title="bbox 171 1038 1079 1119; baseline 0 -21"><span class='ocrx_word' id='word_1_64' title='bbox 171 1039 369 1111; x_wconf 80' lang='lat' dir='ltr'>dediderunt3</span> <span class='ocrx_word' id='word_1_65' title='bbox 390 1059 466 1118; x_wconf 86' lang='lat' dir='ltr'>gaza</span> <span class='ocrx_word' id='word_1_66' title='bbox 480 1038 606 1118; x_wconf 84' lang='lat' dir='ltr'>regiain</span> <span class='ocrx_word' id='word_1_67' title='bbox 619 1045 798 1116; x_wconf 85' lang='lat' dir='ltr'>potestatem</span> <span class='ocrx_word' id='word_1_68' title='bbox 814 1039 915 1112; x_wconf 89' lang='lat' dir='ltr'>venit;</span> <span class='ocrx_word' id='word_1_69' title='bbox 936 1058 991 1098; x_wconf 85' lang='lat' dir='ltr'>rex</span> <span class='ocrx_word' id='word_1_70' title='bbox 1006 1039 1079 1119; x_wconf 90' lang='lat' dir='ltr'>ipse,</span> 
     </span>
     <span class='ocr_line' id='line_1_11' title="bbox 170 1117 1133 1200; baseline 0.002 -20"><span class='ocrx_word' id='word_1_71' title='bbox 170 1118 362 1180; x_wconf 85' lang='lat' dir='ltr'>tradentibus</span> <span class='ocrx_word' id='word_1_72' title='bbox 382 1139 477 1200; x_wconf 89' lang='lat' dir='ltr'>propo</span> <span class='ocrx_word' id='word_1_73' title='bbox 499 1119 570 1198; x_wconf 86' lang='lat' dir='ltr'>ipsis</span> <span class='ocrx_word' id='word_1_74' title='bbox 593 1119 650 1192; x_wconf 83' lang='lat' dir='ltr'>dis,</span> <span class='ocrx_word' id='word_1_75' title='bbox 664 1117 697 1177; x_wconf 91' lang='lat' dir='ltr'>in</span> <span class='ocrx_word' id='word_1_76' title='bbox 719 1119 832 1194; x_wconf 87' lang='lat' dir='ltr'>templo</span> <span class='ocrx_word' id='word_1_77' title='bbox 845 1119 1078 1180; x_wconf 86' lang='lat' dir='ltr'>Samotbracum</span> <span class='ocrx_word' id='word_1_78' title='bbox 1095 1124 1133 1183; x_wconf 90' lang='lat'>10</span> 
     </span>
     <span class='ocr_line' id='line_1_12' title="bbox 171 1198 1078 1280; baseline 0 -20"><span class='ocrx_word' id='word_1_79' title='bbox 171 1220 240 1260; x_wconf 89' lang='lat' dir='ltr'>cum</span> <span class='ocrx_word' id='word_1_80' title='bbox 262 1199 365 1260; x_wconf 88' lang='lat' dir='ltr'>liberis</span> <span class='ocrx_word' id='word_1_81' title='bbox 379 1211 424 1261; x_wconf 89' lang='lat' dir='ltr'>est</span> <span class='ocrx_word' id='word_1_82' title='bbox 438 1209 554 1280; x_wconf 89' lang='lat' dir='ltr'>captus.</span> <span class='ocrx_word' id='word_1_83' title='bbox 596 1198 678 1260; x_wconf 88' lang='lat' dir='ltr'>Mihi</span> <span class='ocrx_word' id='word_1_84' title='bbox 693 1219 813 1279; x_wconf 91' lang='lat' dir='ltr'>quoque</span> <span class='ocrx_word' id='word_1_85' title='bbox 828 1200 886 1280; x_wconf 90' lang='lat' dir='ltr'>ipsi</span> <span class='ocrx_word' id='word_1_86' title='bbox 900 1199 995 1260; x_wconf 87' lang='lat' dir='ltr'>nimia</span> <span class='ocrx_word' id='word_1_87' title='bbox 1011 1201 1078 1280; x_wconf 91' lang='lat' dir='ltr'>jam</span> 
     </span>
     <span class='ocr_line' id='line_1_13' title="bbox 169 1279 1079 1361; baseline 0 -19"><span class='ocrx_word' id='word_1_88' title='bbox 169 1281 294 1342; x_wconf 90' lang='lat' dir='ltr'>fortuna</span> <span class='ocrx_word' id='word_1_89' title='bbox 315 1279 412 1341; x_wconf 89' lang='lat' dir='ltr'>videri</span> <span class='ocrx_word' id='word_1_90' title='bbox 436 1300 531 1360; x_wconf 91' lang='lat' dir='ltr'>eoque</span> <span class='ocrx_word' id='word_1_91' title='bbox 552 1289 692 1360; x_wconf 86' lang='lat' dir='ltr'>suspecta</span> <span class='ocrx_word' id='word_1_92' title='bbox 712 1300 783 1342; x_wconf 81' lang='lat' dir='ltr'>esse</span> <span class='ocrx_word' id='word_1_93' title='bbox 824 1279 922 1342; x_wconf 89' lang='lat' dir='ltr'>Maris</span> <span class='ocrx_word' id='word_1_94' title='bbox 940 1280 1079 1361; x_wconf 88' lang='lat' dir='ltr'>pericula</span> 
     </span>
     <span class='ocr_line' id='line_1_14' title="bbox 169 1360 1077 1442; baseline 0.001 -20"><span class='ocrx_word' id='word_1_95' title='bbox 169 1362 276 1422; x_wconf 90' lang='lat' dir='ltr'>timere</span> <span class='ocrx_word' id='word_1_96' title='bbox 290 1361 376 1440; x_wconf 94' lang='lat' dir='ltr'>coepi</span> <span class='ocrx_word' id='word_1_97' title='bbox 390 1360 423 1421; x_wconf 89' lang='lat' dir='ltr'>in</span> <span class='ocrx_word' id='word_1_98' title='bbox 437 1370 525 1423; x_wconf 89' lang='lat' dir='ltr'>tanta</span> <span class='ocrx_word' id='word_1_99' title='bbox 539 1361 670 1442; x_wconf 88' lang='lat' dir='ltr'>pecunia</span> <span class='ocrx_word' id='word_1_100' title='bbox 690 1360 774 1441; x_wconf 82' lang='lat' dir='ltr'>regia</span> <span class='ocrx_word' id='word_1_101' title='bbox 789 1361 820 1420; x_wconf 92' lang='lat' dir='ltr'>in</span> <span class='ocrx_word' id='word_1_102' title='bbox 835 1361 960 1422; x_wconf 86' lang='lat' dir='ltr'>Italiam</span> <span class='ocrx_word' id='word_1_103' title='bbox 975 1362 1077 1423; x_wconf 87' lang='lat' dir='ltr'>traici·</span> 
     </span>
     <span class='ocr_line' id='line_1_15' title="bbox 169 1441 1077 1522; baseline 0 -20"><span class='ocrx_word' id='word_1_104' title='bbox 169 1441 248 1502; x_wconf 85' lang='lat' dir='ltr'>enda</span> <span class='ocrx_word' id='word_1_105' title='bbox 271 1451 302 1502; x_wconf 91' lang='lat' dir='ltr'>et</span> <span class='ocrx_word' id='word_1_106' title='bbox 322 1441 439 1504; x_wconf 85' lang='lat' dir='ltr'>victore</span> <span class='ocrx_word' id='word_1_107' title='bbox 462 1443 599 1504; x_wconf 87' lang='lat' dir='ltr'>exercitu</span> <span class='ocrx_word' id='word_1_108' title='bbox 623 1441 868 1521; x_wconf 84' lang='lat' dir='ltr'>transportando.</span> <span class='ocrx_word' id='word_1_109' title='bbox 911 1442 1077 1522; x_wconf 87' lang='lat' dir='ltr'>Postquam</span> 
     </span>
     <span class='ocr_line' id='line_1_16' title="bbox 169 1521 1130 1603; baseline 0.006 -21"><span class='ocrx_word' id='word_1_110' title='bbox 169 1522 273 1583; x_wconf 89' lang='lat' dir='ltr'>omnia</span> <span class='ocrx_word' id='word_1_111' title='bbox 287 1524 420 1584; x_wconf 88' lang='lat' dir='ltr'>secundo</span> <span class='ocrx_word' id='word_1_112' title='bbox 434 1525 560 1585; x_wconf 87' lang='lat' dir='ltr'>navium</span> <span class='ocrx_word' id='word_1_113' title='bbox 576 1543 666 1585; x_wconf 87' lang='lat' dir='ltr'>cursu</span> <span class='ocrx_word' id='word_1_114' title='bbox 682 1523 713 1582; x_wconf 91' lang='lat' dir='ltr'>in</span> <span class='ocrx_word' id='word_1_115' title='bbox 729 1521 852 1583; x_wconf 86' lang='lat' dir='ltr'>Italiam</span> <span class='ocrx_word' id='word_1_116' title='bbox 864 1533 1077 1603; x_wconf 87' lang='lat' dir='ltr'>pervenerunt,</span> <span class='ocrx_word' id='word_1_117' title='bbox 1093 1527 1130 1588; x_wconf 81' lang='lat'>15</span> 
     </span>
     <span class='ocr_line' id='line_1_17' title="bbox 168 1602 1076 1686; baseline 0.002 -24"><span class='ocrx_word' id='word_1_118' title='bbox 168 1623 267 1682; x_wconf 91' lang='lat' dir='ltr'>neque</span> <span class='ocrx_word' id='word_1_119' title='bbox 281 1614 348 1664; x_wconf 88' lang='lat' dir='ltr'>erat</span> <span class='ocrx_word' id='word_1_120' title='bbox 362 1604 442 1683; x_wconf 93' lang='lat' dir='ltr'>quod</span> <span class='ocrx_word' id='word_1_121' title='bbox 458 1605 539 1665; x_wconf 88' lang='lat' dir='ltr'>ultra</span> <span class='ocrx_word' id='word_1_122' title='bbox 554 1623 703 1686; x_wconf 84' lang='lat' dir='ltr'>precarer,</span> <span class='ocrx_word' id='word_1_123' title='bbox 718 1602 797 1663; x_wconf 90' lang='lat' dir='ltr'>illud</span> <span class='ocrx_word' id='word_1_124' title='bbox 818 1605 933 1684; x_wconf 89' lang='lat' dir='ltr'>optavi,</span> <span class='ocrx_word' id='word_1_125' title='bbox 948 1615 991 1677; x_wconf 93' lang='lat' dir='ltr'>ut,</span> <span class='ocrx_word' id='word_1_126' title='bbox 1006 1624 1076 1665; x_wconf 92' lang='lat' dir='ltr'>cum</span> 
     </span>
     <span class='ocr_line' id='line_1_18' title="bbox 168 1686 1076 1754; baseline 0.001 -10"><span class='ocrx_word' id='word_1_127' title='bbox 168 1704 208 1744; x_wconf 88' lang='lat' dir='ltr'>ex</span> <span class='ocrx_word' id='word_1_128' title='bbox 222 1704 340 1744; x_wconf 89' lang='lat' dir='ltr'>summo</span> <span class='ocrx_word' id='word_1_129' title='bbox 355 1695 435 1746; x_wconf 89' lang='lat' dir='ltr'>retro</span> <span class='ocrx_word' id='word_1_130' title='bbox 446 1686 530 1748; x_wconf 88' lang='lat' dir='ltr'>volvi</span> <span class='ocrx_word' id='word_1_131' title='bbox 544 1686 668 1746; x_wconf 68' lang='lat' dir='ltr'>fortuna</span> <span class='ocrx_word' id='word_1_132' title='bbox 682 1695 861 1754; x_wconf 83' lang='lat' dir='ltr'>consuesset,</span> <span class='ocrx_word' id='word_1_133' title='bbox 875 1687 1076 1745; x_wconf 85' lang='lat' dir='ltr'>mutationem</span> 
     </span>
     <span class='ocr_line' id='line_1_19' title="bbox 168 1764 1076 1906; baseline 0.006 -83"><span class='ocrx_word' id='word_1_134' title='bbox 168 1765 233 1905; x_wconf 72' lang='lat' dir='ltr'>‹Iejus</span> <span class='ocrx_word' id='word_1_135' title='bbox 257 1764 364 1826; x_wconf 86' lang='lat' dir='ltr'>domus</span> <span class='ocrx_word' id='word_1_136' title='bbox 389 1786 456 1826; x_wconf 90' lang='lat' dir='ltr'>mea</span> <span class='ocrx_word' id='word_1_137' title='bbox 479 1767 580 1846; x_wconf 90' lang='lat' dir='ltr'>potius</span> <span class='ocrx_word' id='word_1_138' title='bbox 604 1785 697 1846; x_wconf 89' lang='lat' dir='ltr'>quam</span> <span class='ocrx_word' id='word_1_139' title='bbox 721 1785 768 1825; x_wconf 88' lang='lat' dir='ltr'>res</span> <span class='ocrx_word' id='word_1_140' title='bbox 792 1765 916 1906; x_wconf 80' lang='lat' dir='ltr'>publica</span> <span class='ocrx_word' id='word_1_141' title='bbox 942 1766 1076 1828; x_wconf 80' lang='lat' dir='ltr'>sentiret</span> 
     </span>
     <span class='ocr_line' id='line_1_20' title="bbox 188 1843 1076 1926; baseline 0.003 -22"><span class='ocrx_word' id='word_1_142' title='bbox 188 1855 279 1924; x_wconf 88' lang='lat' dir='ltr'>taque</span> <span class='ocrx_word' id='word_1_143' title='bbox 290 1843 467 1907; x_wconf 81' lang='lat' dir='ltr'>defunctam</span> <span class='ocrx_word' id='word_1_144' title='bbox 489 1869 551 1908; x_wconf 73' lang='lat' dir='ltr'>esse</span> <span class='ocrx_word' id='word_1_145' title='bbox 571 1847 727 1908; x_wconf 87' lang='lat' dir='ltr'>fortunam</span> <span class='ocrx_word' id='word_1_146' title='bbox 747 1865 789 1926; x_wconf 91' lang='lat' dir='ltr'>pu</span> <span class='ocrx_word' id='word_1_147' title='bbox 812 1846 902 1906; x_wconf 85' lang='lat' dir='ltr'>licam</span> <span class='ocrx_word' id='word_1_148' title='bbox 925 1867 991 1907; x_wconf 89' lang='lat' dir='ltr'>mea</span> <span class='ocrx_word' id='word_1_149' title='bbox 1012 1857 1076 1907; x_wconf 89' lang='lat' dir='ltr'>tam</span> 
     </span>
     <span class='ocr_line' id='line_1_21' title="bbox 168 1925 1130 2009; baseline 0.006 -22"><span class='ocrx_word' id='word_1_150' title='bbox 168 1925 281 2005; x_wconf 85' lang='lat' dir='ltr'>insigni</span> <span class='ocrx_word' id='word_1_151' title='bbox 295 1925 470 1989; x_wconf 85' lang='lat' dir='ltr'>calamitate</span> <span class='ocrx_word' id='word_1_152' title='bbox 483 1949 579 2009; x_wconf 87' lang='lat' dir='ltr'>spero,</span> <span class='ocrx_word' id='word_1_153' title='bbox 593 1927 675 2009; x_wconf 89' lang='lat' dir='ltr'>quod</span> <span class='ocrx_word' id='word_1_154' title='bbox 690 1927 862 2007; x_wconf 89' lang='lat' dir='ltr'>triumphus</span> <span class='ocrx_word' id='word_1_155' title='bbox 884 1948 976 2000; x_wconf 87' lang='lat' dir='ltr'>meus,</span> <span class='ocrx_word' id='word_1_156' title='bbox 991 1927 1077 1990; x_wconf 88' lang='lat' dir='ltr'>velut</span> <span class='ocrx_word' id='word_1_157' title='bbox 1090 1930 1130 1992; x_wconf 82' lang='lat'>20</span> 
     </span>
     <span class='ocr_line' id='line_1_22' title="bbox 168 2006 1076 2082; baseline 0.003 -16"><span class='ocrx_word' id='word_1_158' title='bbox 168 2006 209 2066; x_wconf 85' lang='lat' dir='ltr'>ad</span> <span class='ocrx_word' id='word_1_159' title='bbox 223 2006 393 2068; x_wconf 80' lang='lat' dir='ltr'>ludibrium</span> <span class='ocrx_word' id='word_1_160' title='bbox 409 2029 535 2071; x_wconf 84' lang='lat' dir='ltr'>casuum</span> <span class='ocrx_word' id='word_1_161' title='bbox 555 2011 770 2082; x_wconf 88' lang='lat' dir='ltr'>humanorum,</span> <span class='ocrx_word' id='word_1_162' title='bbox 786 2007 905 2068; x_wconf 92' lang='lat' dir='ltr'>duobus</span> <span class='ocrx_word' id='word_1_163' title='bbox 918 2007 1076 2069; x_wconf 88' lang='lat' dir='ltr'>funeribus</span> 
     </span>
     <span class='ocr_line' id='line_1_23' title="bbox 168 2086 1077 2170; baseline 0.004 -24"><span class='ocrx_word' id='word_1_164' title='bbox 168 2086 335 2148; x_wconf 91' lang='lat' dir='ltr'>liberorum</span> <span class='ocrx_word' id='word_1_165' title='bbox 355 2109 489 2151; x_wconf 88' lang='lat' dir='ltr'>meorum</span> <span class='ocrx_word' id='word_1_166' title='bbox 512 2100 557 2153; x_wconf 89' lang='lat' dir='ltr'>est</span> <span class='ocrx_word' id='word_1_167' title='bbox 576 2089 777 2170; x_wconf 82' lang='lat' dir='ltr'>interpositus.</span> <span class='ocrx_word' id='word_1_168' title='bbox 820 2087 862 2148; x_wconf 87' lang='lat' dir='ltr'>Et</span> <span class='ocrx_word' id='word_1_169' title='bbox 883 2108 953 2149; x_wconf 92' lang='lat' dir='ltr'>cum</span> <span class='ocrx_word' id='word_1_170' title='bbox 973 2108 1028 2168; x_wconf 86' lang='lat' dir='ltr'>ego</span> <span class='ocrx_word' id='word_1_171' title='bbox 1046 2097 1077 2150; x_wconf 88' lang='lat' dir='ltr'>et</span> 
     </span>
     <span class='ocr_line' id='line_1_24' title="bbox 169 2167 1077 2234; baseline -0.001 -5"><span class='ocrx_word' id='word_1_172' title='bbox 169 2167 296 2230; x_wconf 87' lang='lat' dir='ltr'>Perseus</span> <span class='ocrx_word' id='word_1_173' title='bbox 319 2190 401 2232; x_wconf 91' lang='lat' dir='ltr'>nuno</span> <span class='ocrx_word' id='word_1_174' title='bbox 424 2172 540 2234; x_wconf 87' lang='lat' dir='ltr'>nobilia</span> <span class='ocrx_word' id='word_1_175' title='bbox 563 2173 698 2234; x_wconf 86' lang='lat' dir='ltr'>maxime</span> <span class='ocrx_word' id='word_1_176' title='bbox 721 2169 810 2230; x_wconf 87' lang='lat' dir='ltr'>sortis</span> <span class='ocrx_word' id='word_1_177' title='bbox 830 2168 1005 2229; x_wconf 90' lang='lat' dir='ltr'>mortalium</span> <span class='ocrx_word' id='word_1_178' title='bbox 1026 2189 1077 2229; x_wconf 86' lang='lat' dir='ltr'>ex-</span> 
     </span>
     <span class='ocr_line' id='line_1_25' title="bbox 168 2249 1077 2333; baseline 0 -24"><span class='ocrx_word' id='word_1_179' title='bbox 168 2249 272 2329; x_wconf 90' lang='lat' dir='ltr'>empla</span> <span class='ocrx_word' id='word_1_180' title='bbox 284 2261 464 2330; x_wconf 84' lang='lat' dir='ltr'>spectemur,</span> <span class='ocrx_word' id='word_1_181' title='bbox 479 2253 541 2327; x_wconf 91' lang='lat' dir='ltr'>ille,</span> <span class='ocrx_word' id='word_1_182' title='bbox 558 2254 610 2333; x_wconf 89' lang='lat' dir='ltr'>qui</span> <span class='ocrx_word' id='word_1_183' title='bbox 625 2263 698 2314; x_wconf 87' lang='lat' dir='ltr'>ante</span> <span class='ocrx_word' id='word_1_184' title='bbox 711 2272 751 2325; x_wconf 90' lang='lat' dir='ltr'>se,</span> <span class='ocrx_word' id='word_1_185' title='bbox 766 2271 802 2312; x_wconf 88' lang='lat' dir='ltr'>ca</span> <span class='ocrx_word' id='word_1_186' title='bbox 824 2251 903 2312; x_wconf 89' lang='lat' dir='ltr'>tivos</span> <span class='ocrx_word' id='word_1_187' title='bbox 917 2250 990 2328; x_wconf 90' lang='lat' dir='ltr'>ipse,</span> <span class='ocrx_word' id='word_1_188' title='bbox 1004 2249 1077 2310; x_wconf 91' lang='lat' dir='ltr'>duci</span> 
     </span>
     <span class='ocr_line' id='line_1_26' title="bbox 168 2330 1130 2409; baseline 0.004 -18"><span class='ocrx_word' id='word_1_189' title='bbox 168 2330 281 2392; x_wconf 89' lang='lat' dir='ltr'>liberos</span> <span class='ocrx_word' id='word_1_190' title='bbox 295 2331 383 2406; x_wconf 87' lang='lat' dir='ltr'>vidit,</span> <span class='ocrx_word' id='word_1_191' title='bbox 399 2334 564 2396; x_wconf 84' lang='lat' dir='ltr'>incolumes</span> <span class='ocrx_word' id='word_1_192' title='bbox 579 2345 682 2397; x_wconf 87' lang='lat' dir='ltr'>tamen</span> <span class='ocrx_word' id='word_1_193' title='bbox 695 2353 746 2394; x_wconf 89' lang='lat' dir='ltr'>eos</span> <span class='ocrx_word' id='word_1_194' title='bbox 760 2331 801 2391; x_wconf 88' lang='lat' dir='ltr'>ha</span> <span class='ocrx_word' id='word_1_195' title='bbox 835 2341 869 2403; x_wconf 83' lang='lat' dir='ltr'>t;</span> <span class='ocrx_word' id='word_1_196' title='bbox 890 2351 907 2390; x_wconf 87' lang='lat' dir='ltr'>e</span> <span class='ocrx_word' id='word_1_197' title='bbox 928 2350 955 2403; x_wconf 95' lang='lat' dir='ltr'>o,</span> <span class='ocrx_word' id='word_1_198' title='bbox 970 2330 1076 2409; x_wconf 89' lang='lat' dir='ltr'>quide</span> <span class='ocrx_word' id='word_1_199' title='bbox 1090 2332 1130 2394; x_wconf 78' lang='lat'>25</span> 
     </span>
     <span class='ocr_line' id='line_1_27' title="bbox 169 2409 1076 2493; baseline 0 -21"><span class='ocrx_word' id='word_1_200' title='bbox 169 2411 224 2473; x_wconf 90' lang='lat' dir='ltr'>illo</span> <span class='ocrx_word' id='word_1_201' title='bbox 246 2412 446 2493; x_wconf 88' lang='lat' dir='ltr'>triumphavi,</span> <span class='ocrx_word' id='word_1_202' title='bbox 460 2416 499 2477; x_wconf 90' lang='lat' dir='ltr'>ab</span> <span class='ocrx_word' id='word_1_203' title='bbox 520 2416 646 2477; x_wconf 87' lang='lat' dir='ltr'>alterius</span> <span class='ocrx_word' id='word_1_204' title='bbox 660 2414 766 2475; x_wconf 88' lang='lat' dir='ltr'>funere</span> <span class='ocrx_word' id='word_1_205' title='bbox 780 2412 836 2472; x_wconf 88' lang='lat' dir='ltr'>filii</span> <span class='ocrx_word' id='word_1_206' title='bbox 851 2432 943 2472; x_wconf 89' lang='lat' dir='ltr'>curru</span> <span class='ocrx_word' id='word_1_207' title='bbox 956 2411 989 2471; x_wconf 90' lang='lat' dir='ltr'>in</span> <span class='ocrx_word' id='word_1_208' title='bbox 1005 2409 1076 2488; x_wconf 87' lang='lat' dir='ltr'>[Ca-</span> 
     </span>
     <span class='ocr_line' id='line_1_28' title="bbox 168 2491 1076 2587; baseline -0.001 -34"><span class='ocrx_word' id='word_1_209' title='bbox 168 2493 310 2574; x_wconf 89' lang='lat' dir='ltr'>pitolium</span> <span class='ocrx_word' id='word_1_210' title='bbox 326 2505 431 2557; x_wconf 84' lang='lat' dir='ltr'>vectus</span> <span class='ocrx_word' id='word_1_211' title='bbox 451 2517 527 2570; x_wconf 90' lang='lat' dir='ltr'>sum,</span> <span class='ocrx_word' id='word_1_212' title='bbox 542 2497 582 2558; x_wconf 90' lang='lat' dir='ltr'>ad</span> <span class='ocrx_word' id='word_1_213' title='bbox 599 2496 746 2573; x_wconf 88' lang='lat' dir='ltr'>alterum]</span> <span class='ocrx_word' id='word_1_214' title='bbox 761 2513 801 2556; x_wconf 83' lang='lat' dir='ltr'>ex</span> <span class='ocrx_word' id='word_1_215' title='bbox 816 2491 968 2587; x_wconf 84' lang='lat' dir='ltr'>Capitolio</span> <span class='ocrx_word' id='word_1_216' title='bbox 982 2512 1076 2572; x_wconf 90' lang='lat' dir='ltr'>prope</span> 
     </span>
     <span class='ocr_line' id='line_1_29' title="bbox 172 2572 1076 2654; baseline -0.004 -19"><span class='ocrx_word' id='word_1_217' title='bbox 172 2575 238 2654; x_wconf 90' lang='lat' dir='ltr'>jam</span> <span class='ocrx_word' id='word_1_218' title='bbox 254 2575 446 2654; x_wconf 86' lang='lat' dir='ltr'>expirantem</span> <span class='ocrx_word' id='word_1_219' title='bbox 461 2579 549 2650; x_wconf 90' lang='lat' dir='ltr'>veni;</span> <span class='ocrx_word' id='word_1_220' title='bbox 571 2598 590 2637; x_wconf 91' lang='lat' dir='ltr'>u</span> <span class='ocrx_word' id='word_1_221' title='bbox 630 2598 668 2638; x_wconf 91' lang='lat' dir='ltr'>ue</span> <span class='ocrx_word' id='word_1_222' title='bbox 682 2597 721 2638; x_wconf 84' lang='lat' dir='ltr'>ex</span> <span class='ocrx_word' id='word_1_223' title='bbox 736 2585 824 2638; x_wconf 86' lang='lat' dir='ltr'>tanta</span> <span class='ocrx_word' id='word_1_224' title='bbox 836 2582 932 2653; x_wconf 78' lang='lat' dir='ltr'>stirpe</span> <span class='ocrx_word' id='word_1_225' title='bbox 945 2572 1076 2633; x_wconf 74' lang='lat' dir='ltr'>liberum</span> 
     </span>
     <span class='ocr_line' id='line_1_30' title="bbox 168 2652 1076 2750; baseline -0.006 -33"><span class='ocrx_word' id='word_1_226' title='bbox 168 2666 314 2750; x_wconf 87' lang='lat' dir='ltr'>superest,</span> <span class='ocrx_word' id='word_1_227' title='bbox 334 2657 389 2736; x_wconf 89' lang='lat' dir='ltr'>qui</span> <span class='ocrx_word' id='word_1_228' title='bbox 411 2657 447 2719; x_wconf 85' lang='lat' dir='ltr'>L.</span> <span class='ocrx_word' id='word_1_229' title='bbox 465 2657 593 2720; x_wconf 89' lang='lat' dir='ltr'>Aemilii</span> <span class='ocrx_word' id='word_1_230' title='bbox 642 2656 707 2718; x_wconf 89' lang='lat' dir='ltr'>auli</span> <span class='ocrx_word' id='word_1_231' title='bbox 729 2675 839 2717; x_wconf 88' lang='lat' dir='ltr'>nomen</span> <span class='ocrx_word' id='word_1_232' title='bbox 861 2655 948 2728; x_wconf 84' lang='lat' dir='ltr'>ferat.</span> <span class='ocrx_word' id='word_1_233' title='bbox 990 2652 1076 2713; x_wconf 90' lang='lat' dir='ltr'>Duos</span> 
     </span>
     <span class='ocr_line' id='line_1_31' title="bbox 169 2734 1130 2820; baseline -0.001 -23"><span class='ocrx_word' id='word_1_234' title='bbox 169 2756 260 2810; x_wconf 87' lang='lat' dir='ltr'>emm,</span> <span class='ocrx_word' id='word_1_235' title='bbox 284 2747 441 2818; x_wconf 89' lang='lat' dir='ltr'>tamquam</span> <span class='ocrx_word' id='word_1_236' title='bbox 469 2759 508 2820; x_wconf 80' lang='lat' dir='ltr'>ex</span> <span class='ocrx_word' id='word_1_237' title='bbox 536 2759 648 2817; x_wconf 85' lang='lat' dir='ltr'>magua</span> <span class='ocrx_word' id='word_1_238' title='bbox 676 2737 820 2818; x_wconf 77' lang='lat' dir='ltr'>progenie</span> <span class='ocrx_word' id='word_1_239' title='bbox 848 2734 1022 2806; x_wconf 91' lang='lat' dir='ltr'>liberorum,</span> <span class='ocrx_word' id='word_1_240' title='bbox 1043 2734 1075 2792; x_wconf 91' lang='lat' dir='ltr'>in</span> <span class='ocrx_word' id='word_1_241' title='bbox 1090 2734 1130 2796; x_wconf 89' lang='grc'>30</span> 
     </span>
     <span class='ocr_line' id='line_1_32' title="bbox 169 2814 1075 2897; baseline -0.003 -21"><span class='ocrx_word' id='word_1_242' title='bbox 169 2816 364 2895; x_wconf 86' lang='lat' dir='ltr'>adoptionem</span> <span class='ocrx_word' id='word_1_243' title='bbox 391 2819 477 2880; x_wconf 88' lang='lat' dir='ltr'>datos</span> <span class='ocrx_word' id='word_1_244' title='bbox 500 2817 643 2880; x_wconf 80' lang='lat' dir='ltr'>Cornelia</span> <span class='ocrx_word' id='word_1_245' title='bbox 667 2827 698 2879; x_wconf 90' lang='lat' dir='ltr'>et</span> <span class='ocrx_word' id='word_1_246' title='bbox 723 2817 823 2878; x_wconf 86' lang='lat' dir='ltr'>Fabia</span> <span class='ocrx_word' id='word_1_247' title='bbox 846 2837 920 2897; x_wconf 87' lang='lat' dir='ltr'>gens</span> <span class='ocrx_word' id='word_1_248' title='bbox 944 2814 1075 2885; x_wconf 90' lang='lat' dir='ltr'>habent;</span> 
     </span>
     <span class='ocr_line' id='line_1_33' title="bbox 169 2894 1076 2979; baseline -0.006 -21"><span class='ocrx_word' id='word_1_249' title='bbox 169 2895 286 2958; x_wconf 88' lang='lat' dir='ltr'>Paulus</span> <span class='ocrx_word' id='word_1_250' title='bbox 301 2898 333 2957; x_wconf 94' lang='lat' dir='ltr'>in</span> <span class='ocrx_word' id='word_1_251' title='bbox 348 2898 438 2959; x_wconf 92' lang='lat' dir='ltr'>domo</span> <span class='ocrx_word' id='word_1_252' title='bbox 452 2909 572 2979; x_wconf 87' lang='lat' dir='ltr'>praeter</span> <span class='ocrx_word' id='word_1_253' title='bbox 584 2918 631 2958; x_wconf 91' lang='lat' dir='ltr'>me</span> <span class='ocrx_word' id='word_1_254' title='bbox 642 2919 730 2958; x_wconf 90' lang='lat' dir='ltr'>nemo</span> <span class='ocrx_word' id='word_1_255' title='bbox 740 2908 884 2976; x_wconf 84' lang='lat' dir='ltr'>superest.</span> <span class='ocrx_word' id='word_1_256' title='bbox 925 2894 984 2956; x_wconf 85' lang='lat' dir='ltr'>Sed</span> <span class='ocrx_word' id='word_1_257' title='bbox 996 2894 1076 2954; x_wconf 90' lang='lat' dir='ltr'>hanc</span> 
     </span>
     <span class='ocr_line' id='line_1_34' title="bbox 169 2976 1077 3041; baseline -0.006 -3"><span class='ocrx_word' id='word_1_258' title='bbox 169 2976 289 3038; x_wconf 87' lang='lat' dir='ltr'>cladem</span> <span class='ocrx_word' id='word_1_259' title='bbox 309 2978 417 3039; x_wconf 91' lang='lat' dir='ltr'>domus</span> <span class='ocrx_word' id='word_1_260' title='bbox 438 2999 522 3040; x_wconf 89' lang='lat' dir='ltr'>meae</span> <span class='ocrx_word' id='word_1_261' title='bbox 542 2989 643 3041; x_wconf 88' lang='lat' dir='ltr'>vestra</span> <span class='ocrx_word' id='word_1_262' title='bbox 663 2978 794 3039; x_wconf 88' lang='lat' dir='ltr'>felicitas</span> <span class='ocrx_word' id='word_1_263' title='bbox 815 2986 846 3038; x_wconf 91' lang='lat' dir='ltr'>et</span> <span class='ocrx_word' id='word_1_264' title='bbox 866 2976 999 3037; x_wconf 90' lang='lat' dir='ltr'>secunda</span> <span class='ocrx_word' id='word_1_265' title='bbox 1019 2976 1077 3034; x_wconf 84' lang='lat' dir='ltr'>for·</span> 
     </span>
     <span class='ocr_line' id='line_1_35' title="bbox 168 3056 1077 3138; baseline -0.002 -21"><span class='ocrx_word' id='word_1_266' title='bbox 168 3065 246 3118; x_wconf 86' lang='lat' dir='ltr'>tuna</span> <span class='ocrx_word' id='word_1_267' title='bbox 266 3058 391 3138; x_wconf 88' lang='lat' dir='ltr'>publica</span> <span class='ocrx_word' id='word_1_268' title='bbox 412 3058 614 3120; x_wconf 88' lang='lat' dir='ltr'>consolatur.’&#39;</span> <span class='ocrx_word' id='word_1_269' title='bbox 636 3058 744 3120; x_wconf 87' lang='lat' dir='ltr'>XLII.</span> <span class='ocrx_word' id='word_1_270' title='bbox 784 3057 871 3118; x_wconf 86' lang='lat' dir='ltr'>Haec</span> <span class='ocrx_word' id='word_1_271' title='bbox 892 3067 979 3118; x_wconf 86' lang='lat' dir='ltr'>teuto</span> <span class='ocrx_word' id='word_1_272' title='bbox 994 3056 1077 3116; x_wconf 88' lang='lat' dir='ltr'>dicta</span> 
     </span>
     <span class='ocr_line' id='line_1_36' title="bbox 102 3135 1129 3218; baseline -0.001 -21"><span class='ocrx_word' id='word_1_273' title='bbox 102 3145 104 3150; x_wconf 87' lang='grc'><strong>’</strong></span> <span class='ocrx_word' id='word_1_274' title='bbox 168 3139 272 3199; x_wconf 88' lang='lat' dir='ltr'>animo</span> <span class='ocrx_word' id='word_1_275' title='bbox 288 3140 383 3218; x_wconf 85' lang='lat' dir='ltr'>magis</span> <span class='ocrx_word' id='word_1_276' title='bbox 404 3139 567 3200; x_wconf 84' lang='lat' dir='ltr'>confudere</span> <span class='ocrx_word' id='word_1_277' title='bbox 587 3138 776 3199; x_wconf 88' lang='lat' dir='ltr'>audientium</span> <span class='ocrx_word' id='word_1_278' title='bbox 797 3138 924 3210; x_wconf 86' lang='lat' dir='ltr'>animos,</span> <span class='ocrx_word' id='word_1_279' title='bbox 938 3155 1030 3216; x_wconf 92' lang='lat' dir='ltr'>quam</span> <span class='ocrx_word' id='word_1_280' title='bbox 1051 3135 1077 3196; x_wconf 89' lang='lat' dir='ltr'>si</span> <span class='ocrx_word' id='word_1_281' title='bbox 1091 3136 1129 3196; x_wconf 86' lang='lat'>35</span> 
     </span>
     <span class='ocr_line' id='line_1_37' title="bbox 168 3217 1076 3281; baseline -0.002 -1"><span class='ocrx_word' id='word_1_282' title='bbox 168 3218 384 3281; x_wconf 85' lang='lat' dir='ltr'>miserabiliter</span> <span class='ocrx_word' id='word_1_283' title='bbox 400 3219 562 3281; x_wconf 88' lang='lat' dir='ltr'>orbitatem</span> <span class='ocrx_word' id='word_1_284' title='bbox 583 3239 670 3280; x_wconf 90' lang='lat' dir='ltr'>suam</span> <span class='ocrx_word' id='word_1_285' title='bbox 690 3217 830 3279; x_wconf 89' lang='lat' dir='ltr'>deflendo</span> <span class='ocrx_word' id='word_1_286' title='bbox 850 3217 971 3279; x_wconf 91' lang='lat' dir='ltr'>locutus</span> <span class='ocrx_word' id='word_1_287' title='bbox 992 3227 1076 3278; x_wconf 84' lang='lat' dir='ltr'>esset</span> 
     </span>
    </p>
   </div>
   <div class='ocr_carea' id='block_1_3' title="bbox 271 3305 426 3380">
    <p class='ocr_par' dir='ltr' id='par_1_3' title="bbox 271 3305 426 3380">
     <span class='ocr_line' id='line_1_38' title="bbox 271 3305 426 3380; baseline 0.006 -17"><span class='ocrx_word' id='word_1_288' title='bbox 271 3305 426 3380; x_wconf 45' lang='lat' dir='ltr'>re-mvt.</span> 
     </span>
    </p>
   </div>
   <div class='ocr_carea' id='block_1_4' title="bbox 0 0 1286 3788">
    <p class='ocr_par' dir='ltr' id='par_1_4' title="bbox 0 0 1286 3788">
     <span class='ocr_line' id='line_1_39' title="bbox 0 0 1286 3788; baseline 0 0"><span class='ocrx_word' id='word_1_289' title='bbox 0 0 1286 3788; x_wconf 95' lang='lat' dir='ltr'> </span> 
     </span>
    </p>
   </div>
  </div>
 </body>
</html>
