2568 3782
421 229 554 274 mann
582 229 676 294 ΠΙ,
705 211 851 306 21-22...
1064 217 1124 282 101

170 407 357 467 quaeremus.
399 386 510 466 Itaque
537 407 606 448 cum
629 386 798 466 longinqua
821 407 840 448 a
864 387 953 449 domo
981 388 1073 451 instet

168 468 293 541 militia,
314 468 524 546 incertumque
537 468 595 544 sit,
621 467 742 546 quando
772 467 876 528 domos
900 478 1014 530 vestras
1043 479 1074 530 et

168 568 248 626 quae
263 548 373 624 cuique
387 547 430 606 ibi
445 568 516 606 cara
530 556 602 607 sunt
616 548 711 609 visuri
726 547 801 619 sitis,
816 548 841 607 si
857 549 924 626 quis
937 559 1071 610 vestrum

167 648 238 688 suos
252 629 384 689 invisere
395 627 468 700 volt,
484 637 685 688 commeatum
700 628 749 688 dc.
784 626 889 688 Primo
903 650 974 690 vere
988 631 1072 691 edico

169 708 286 782 adsitis,
303 719 346 781 ut,
362 709 420 768 diis
434 708 511 768 bene
521 708 710 788 juvantibus,
725 707 842 768 bellum
859 709 990 789 ingentis
1010 711 1073 791 glo·
1108 711 1128 771 ὅ

168 789 233 850 riae
247 790 440 868 praedaeque
454 789 593 848 futurum
607 789 817 868 incipiamus.''
831 813 854 826 ·’

210 869 363 931 Omnibus
377 871 440 930 fere
452 869 571 931 visendi
592 870 695 930 domos
715 869 821 930 oblata
841 869 922 931 ultro
942 881 1073 952 potestas

168 960 258 1032 grata
272 959 347 1024 erat,
362 961 394 1011 et
409 953 483 1030 jam.
495 950 738 1012 desiderantibus
758 970 827 1012 suos
848 960 879 1012 et
899 952 1020 1032 longius
1041 953 1074 1013 in

167 1033 308 1092 futurum
323 1031 554 1110 providentibus
569 1031 760 1091 desiderium.
803 1029 862 1092 Per
883 1033 980 1093 totum
1000 1042 1073 1093 tem·

168 1133 225 1193 pus
239 1112 350 1172 hiemis
364 1113 448 1191 quies
463 1107 542 1171 inter
556 1111 674 1172 labores
689 1121 744 1172 aut
760 1112 825 1191 jam
841 1113 1004 1187 exhaustos
1019 1123 1074 1174 aut
1089 1111 1129 1172 10

167 1214 242 1254 mox
261 1193 487 1254 exhauriendos
509 1191 669 1254 renovavit
689 1213 816 1272 corpora
836 1193 1012 1274 animosque
1033 1195 1074 1254 ad

168 1274 272 1334 omnia
286 1275 325 1334 de
339 1274 459 1353 integro
472 1271 626 1355 patienda.
669 1273 752 1335 Vere
766 1273 864 1354 primo
886 1274 925 1334 ad
940 1275 1073 1336 edictum

167 1375 346 1417 convenere.
721 1379 725 1388 ·

155 1443 179 1512 l<
209 1435 383 1508 Hannibal,
399 1455 469 1496 cum
483 1436 679 1513 recensuisset
693 1436 829 1496 omnium
843 1436 980 1514 gentium
1000 1457 1074 1496 aux·

167 1516 233 1590 ilia,
249 1516 347 1592 Gadis
363 1517 514 1595 profectus
533 1516 664 1577 Herculi
679 1525 756 1596 vota¹
772 1517 912 1594 exsqlvit,
928 1518 1074 1596 novisque
1089 1515 1128 1574 15

167 1619 199 1658 se
213 1594 435 1678 dbligat'votis,
450 1598 476 1657 si
497 1597 596 1656 cetera
615 1609 685 1676 prus
708 1618 758 1656 cra
777 1587 961 1657 evenissent
997 1589 1074 1658 Inue

167 1680 304 1759 piirtiens
331 1701 418 1754 curas
442 1680 534 1738 siniul
569 1681 603 1737 ia
638 1619 832 1737 'inlirendum
850 1681 946 1754 atquc
967 1681 1073 1737 'arrcm
1116 1723 1127 1751 s

168 1751 245 1834 diim
266 1753 391 1832 bellum,
412 1757 459 1832 ne',
480 1759 554 1818 dum
575 1759 639 1838 ipse
660 1755 795 1818 terrestri
814 1771 868 1838 p'cr
889 1741 1109 1838 Hispaniam.⁶‘
1147 1770 1151 1778 '

168 1832 351 1923 Galliasque
373 1840 482 1930 itinqre
508 1838 630 1898 Italiam
656 1847 782 1918 peteret,
803 1840 887 1898 nuda
907 1849 1073 1919 apertaque

168 1921 319 1982 Romanis
343 1920 459 1980 Africa·
480 1919 518 1980 ab
547 1919 653 1980 Sicilia
681 1928 766 1993 esset,
791 1911 895 1982 valldo
922 1921 1073 1999 praesidio
1088 1919 1131 1983 20'

168 2002 293 2062 firmare
313 2023 380 2063 eam
401 2001 526 2082 statuit3
548 2021 603 2082 pro
624 2021 659 2061 eo
680 2001 925 2084 supplementum
947 2002 1011 2080 ipse
1033 2021 1073 2060 ex

168 2082 282 2146 Africa
295 2082 429 2142 maxime
441 2082 658 2162 jaculatorum‚
674 2081 789 2142 levium
809 2077 911 2153 'armis
926 2081 1022 2161 petiit,
1038 2090 1091 2142 ut'

169 2163 243 2224 Afri
264 2163 296 2222 in
317 2159 480 2242 Hispania,
496 2162 630 2242 Hispani
651 2163 683 2223 in
698 2161 817 2234 Africa,
837 2162 946 2221 melior
965 2159 1073 2241 procul
1153 2195 1156 2202 ¹

169 2244 211 2305 ab
225 2245 314 2304 domo
329 2245 450 2304 futurus
465 2251 592 2322 uterque
606 2243 701 2316 miles,
716 2241 803 2304 velut
816 2243 930 2301 mutuis
943 2243 1074 2322 pigneri-

168 2325 228 2386 bus
256 2324 393 2404 obligati,
421 2324 582 2404 sapaudia⁴
601 2325 759 2400 facerent„
801 2321 959 2382 Tredecim
988 2323 1074 2384 milia
1089 2325 1128 2388 25
1156 2339 1166 2402 '.

168 2406 359 2484 octingentos
384 2400 607 2484 quinquaginta
631 2404 747 2483 pedites
776 2409 905 2466 cetratos
934 2403 1017 2465 misit
1040 2403 1074 2464 in
1120 2407 1122 2411 ’
1176 2445 1179 2452 -
1218 2456 1223 2463 .

168 2485 321 2559 Africam,
343 2493 374 2546 et
393 2484 562 2564 funditores
582 2485 725 2544 Baleares
746 2485 935 2562 octingentos
955 2492 1074 2564 septua·
1108 2522 1115 2547 ι,

167 2567 266 2646 ginta,
282 2566 396 2646 equites
410 2565 521 2625 mixtos
536 2585 575 2624 ex
590 2564 694 2624 multis
708 2564 850 2644 gentibus
865 2563 950 2624 mille
965 2565 1075 2626 ducen·
1099 2571 1101 2578 '

168 2657 225 2709 tos.
268 2647 334 2708 Has
360 2646 462 2725 cupias
486 2646 599 2724 partim
625 2644 807 2724 Carthagini
827 2645 978 2723 praesidio
1002 2666 1073 2720 esse,

168 2727 284 2810 partim
304 2727 447 2788 distribui
467 2747 522 2805 per
536 2726 676 2786 Africam
693 2725 790 2805 jubet.
833 2724 931 2786 Simul
953 2727 1074 2806 conqui·
1089 2731 1129 2792 30

167 2808 312 2871 sitoribus
326 2809 358 2868 in
373 2807 512 2870 civitates
527 2807 632 2879 missis,
644 2816 789 2884 quattuor
803 2806 888 2866 milia
903 2807 1075 2886 conscripta

169 2889 306 2950 delectae
329 2888 512 2969 juventutis,
534 2887 720 2967 praesidium
746 2887 1073 2962 eosdem'et‘obsides,

168 2970 242 3031 duci
263 2970 481 3048 Carthaginem
497 2970 593 3049 jubet.
994 2987 1013 3043 ᾖ

210 3051 324 3112 XXII.
380 3049 487 3128 Neque
516 3049 702 3128 Hispaniam
730 3043 951 3128 neglegendam
977 3057 1074 3124 ratus,

168 3141 262 3210 atque
283 3133 315 3191 id
336 3153 370 3192 eo
392 3131 501 3203 minus,
516 3131 597 3209 quod
612 3131 695 3190 haud
715 3130 839 3208 ignarus
858 3139 932 3203 crat,
949 3130 1074 3190 circum·
1090 3134 1128 3194 35

168 3213 246 3272 itam
261 3212 300 3272 ab
315 3211 463 3272 Romanis
484 3231 552 3270 eam
573 3211 681 3288 legatis
702 3213 742 3270 ad
763 3210 972 3270 sollicitandos
993 3210 1074 3290 prin-

168 3293 273 3372 cipum
294 3295 420 3365 animus,
441 3290 634 3362 Hasdrubali
653 3291 751 3362 fratri,
768 3291 834 3351 viro
856 3291 986 3370 inpigro,
1007 3312 1076 3350 eam

159 3368 358 3454 'provinciam
380 3371 521 3467 destinat,
536 3371 696 3450 firmatque
718 3390 787 3430 eum
802 3369 920 3430 Africis
940 3370 1075 3430 maxime

166 3453 337 3536 praesidiis,
351 3451 652 3534 peditumAi'rorum
672 3449 814 3510 undecim
835 3449 958 3510 milibus
979 3449 1075 3510 octin-

211 3703 223 3738 l
