2562 3788
153 237 219 306 210
311 257 396 305 ‘rrrr
421 257 517 308 nrvr
545 257 599 306 ns
626 257 741 308 veen
771 259 961 308 connrrn

205 421 313 476 tunam
330 415 413 492 [cnm
428 414 566 492 fortuna]
582 414 717 486 confers?
758 416 842 493 Quot
857 416 1012 480 Romanos
1024 420 1119 482 duces

205 495 369 569 nominem,
383 494 493 574 quibus
513 516 680 574 numquam
701 496 829 557 adversa
847 497 972 559 fortuna
993 520 1120 580 pugnae

205 574 279 636 fuit!
302 575 434 654 Paginas
443 576 475 634 in
486 574 649 636 annalibus
658 578 892 655 magistratuum
899 577 1120 660 fastisqueper·

206 673 327 716 currere
338 655 410 716 licet
418 654 577 716 consulum
589 656 841 736 dictatorumque,
852 678 982 737 quorum
991 681 1047 720 nec
1057 661 1120 722 vir·

174 733 281 796 btutis
295 755 350 797 nec
364 735 504 796 fortunae
520 735 584 796 ullo
599 736 649 796 die
660 738 809 817 populum
824 739 998 800 Romanum
1014 741 1120 820 paeni·

206 817 275 876 tuit
318 815 362 876 Et
381 836 441 894 quo
462 815 524 876 sint
539 816 740 877 mirabiliores
755 838 847 896 quam
860 819 1042 881 Alexander
1062 830 1119 882 aut

207 896 366 975 quisquam
386 916 451 969 rex,
466 896 559 957 denos
574 898 754 976 vicenosque
768 899 831 959 dies
846 900 971 978 quidam
986 899 1119 961 dictatu-

207 995 283 1048 ram,
297 996 385 1037 nemo
429 977 476 1037 lus
499 997 591 1055 quam
611 997 726 1038 annum
742 979 930 1040 consulatum
946 981 1055 1058 gessit;
1078 981 1119 1041 ab

207 1055 338 1116 tribunis
353 997 449 1136 plcdis
464 1051 592 1117 dilectus
614 1059 744 1138 inpediti
758 1070 845 1132 sunt;
861 1070 928 1139 post
942 1071 1063 1140 tempus
1078 1062 1120 1122 ad

155 1135 194 1196 10
208 1135 291 1196 bella
312 1136 421 1210 ierunt,
436 1148 507 1198 ante
528 1147 648 1219 tempus
669 1140 859 1201 comitiorum
874 1161 966 1202 cansa
980 1142 1120 1203 revocati

208 1217 1120 1301 sunt;inipsoconaturerumcircumegitseannus3collegae

209 1317 290 1358 nuno
301 1299 463 1372 temeritas,
475 1320 557 1362 nunc
572 1301 710 1382 pravitas
721 1301 928 1381 inpedimento
938 1312 993 1363 aut
1004 1303 1120 1363 damno

209 1378 285 1450 fuit3
308 1379 387 1439 male
423 1381 493 1441 estis
515 1382 604 1442 rebus
626 1382 752 1442 alterius
771 1402 939 1442 successum
961 1392 1024 1455 est3
1046 1384 1120 1444 tiro

207 1479 277 1519 nem
289 1470 343 1520 aut
353 1401 435 1520 maia
449 1461 610 1542 disciplina
624 1462 799 1523 institutum
814 1463 981 1522 exercitum
996 1483 1121 1542 accepe-

157 1537 194 1598 15
209 1550 290 1602 runt.
331 1539 377 1601 At
406 1542 529 1602 hercule
556 1563 641 1622 reges
670 1563 730 1602 non
760 1541 848 1602 liberi
876 1542 973 1602 solum
1003 1543 1119 1622 inpedi-

209 1623 319 1683 mentis
354 1623 503 1695 omnibns,
531 1623 585 1683 sed
614 1623 731 1683 domini
758 1641 859 1682 rerum
887 1631 1120 1702 temporumque

209 1703 337 1764 trahunt
348 1702 480 1764 consiliis
494 1711 613 1775 cuncta,
625 1724 686 1764 non
700 1711 851 1763 secuntur.
893 1702 1033 1763 Invictus
1044 1724 1119 1782 ergo

209 1783 389 1844 Alexander
417 1805 486 1844 cum
511 1784 633 1845 invictis
658 1782 787 1843 ducibus
811 1781 893 1842 bella
917 1783 1063 1861 gessisset,
1089 1793 1121 1844 et

208 1865 314 1926 eadem
326 1865 466 1926 fortunae
481 1865 607 1944 pignera
617 1865 647 1923 in
660 1863 822 1924 discrimen
833 1862 1004 1935 detulissem
1024 1863 1120 1924 immo

155 1944 194 2006 20
208 1947 301 2007 etiam
313 1967 348 2006 eo
359 1946 428 2024 plus
440 1945 569 2025 periculi
584 1943 720 2015 subisset,
732 1943 812 2022 quod
827 1942 1010 2004 Macedones
1021 1963 1120 2004 unum

208 2026 423 2087 Alexandrum
449 2024 635 2097 habuissent,
660 2023 765 2084 multis
790 2023 909 2083 casibus
933 2044 993 2083 non
1017 2023 1120 2084 solum

208 2107 384 2180 obnoxium,
409 2107 461 2168 sed
486 2106 578 2166 etiarn
603 2104 775 2164 offerentem
803 2123 842 2176 se,
868 2102 1001 2163 Romani
1025 2104 1120 2166 multi

207 2188 334 2248 fuissent
349 2186 528 2248 Alexandro
543 2185 592 2246 vel
613 2184 712 2264 gloria
725 2183 775 2244 vel
790 2204 890 2243 rerum
906 2184 1121 2262 magnitudine

208 2289 304 2349 pares,
319 2289 448 2348 quorum
468 2288 522 2328 suc
543 2266 670 2345 quisque
689 2264 763 2337 fato,
783 2264 848 2325 sine
868 2262 993 2343 publico
1013 2265 1121 2325 discri-

155 2347 194 2409 25
208 2350 299 2422 mine,
314 2351 432 2411 viveret
446 2354 681 2425 merereturque.

248 2430 343 2490 XIX.
377 2431 492 2501 Restat,
521 2437 556 2488 nt
583 2427 689 2506 copiae
716 2424 811 2505 copiis
838 2432 1043 2504 conparentur
1066 2425 1119 2486 vel

208 2531 335 2572 numero
348 2511 398 2572 vel
419 2511 552 2570 militum
573 2527 683 2588 genere
700 2506 749 2568 vel
771 2505 969 2565 multitudine
989 2505 1120 2566 auxilio-

208 2613 285 2652 rum.
327 2591 535 2654 censebantur
557 2589 620 2668 ejus
643 2586 750 2648 aetatis
773 2586 876 2646 lustris
898 2585 1016 2645 ducena
1031 2585 1120 2665 quin.-

208 2692 348 2753 quagena
366 2672 453 2733 milia
475 2671 618 2750 capitum.
661 2667 771 2746 Itaque
792 2666 824 2725 in
845 2665 928 2726 omni
949 2664 1120 2726 defectione

156 2750 358 2815 ausoniorum
372 2751 479 2813 Latini
493 2750 624 2811 nominis
643 2746 761 2809 urbano
776 2766 870 2826 prope
883 2744 998 2806 dilectu
1012 2745 1119 2806 decem

208 2833 420 2895 scribebantur
444 2832 593 2911 legiones;
622 2827 764 2908 quaterni
792 2826 937 2906 quinique
964 2827 1120 2886 exercitus

208 2935 298 2994 saepe
322 2935 376 2994 per
399 2934 449 2974 eos
472 2932 566 2972 annos
591 2911 623 2969 in
649 2909 787 2982 Etruria,
808 2907 840 2966 in
855 2906 996 2979 Umbria,
1017 2905 1120 2969 Gallis

209 2995 347 3055 hostibus
369 2993 529 3073 adjunctis,
550 2991 583 3051 in
605 2990 740 3063 Samnio,
761 2989 795 3048 in
818 2987 951 3048 Lucanis
971 2986 1120 3065 gerebant

209 3074 343 3135 bellurn:
366 3073 490 3134 Latium
506 3071 615 3132 deinde
629 3090 718 3131 omne
732 3090 803 3130 cnm
817 3067 939 3129 Sabinis
953 3076 983 3127 et
997 3066 1120 3128 Volscis

157 3152 196 3212 35
211 3162 241 3214 et
255 3154 371 3231 Aequis
385 3163 415 3214 ct
429 3153 511 3212 omni
525 3151 696 3230 Campania
710 3159 741 3210 et
754 3159 842 3229 parte
858 3147 1006 3210 Umbriae
1028 3147 1121 3206 Etru-

210 3233 334 3310 riaeque
368 3241 398 3291 et
432 3230 609 3291 Picentibus
635 3240 667 3289 et
695 3229 805 3289 Marsis
834 3227 1049 3306 Paelignisque
1084 3247 1121 3287 ac

210 3309 346 3370 Vestinis
360 3319 452 3387 atque
466 3309 588 3386 Apulis,
603 3309 749 3387 adjuncta
764 3308 848 3368 omni
863 3328 916 3367 ora
930 3306 1119 3368 Graecorum

208 3388 301 3447 inferi
325 3389 417 3447 maris
439 3407 458 3446 a
482 3387 604 3446 Thuriis
629 3388 782 3466 Neapolin
808 3398 839 3448 et
859 3386 971 3448 Cumas
997 3385 1122 3446 atinde

210 3464 307 3525 Antio
322 3475 413 3542 atque
428 3465 521 3525 Ostiis
535 3474 631 3540 tenus,
647 3477 702 3527 aut
721 3468 818 3528 socios
832 3467 951 3530 validos
972 3466 1123 3528 Romanis
