2568 3782
168 238 230 303 108
333 252 423 300 rrrr
450 253 547 302 nrvr
574 253 628 302 nn
655 255 773 303 vans
802 253 992 300 counire

220 410 345 490 quidam
360 410 393 470 in
407 409 537 483 flumen;
559 411 610 471 sed
627 411 758 490 pondere
773 411 837 491 ipso
852 411 984 485 stabiles,
1000 412 1125 492 dejectis

220 489 395 563 rectoribus,
411 490 589 570 quaerendis
610 493 826 572 pedetemptim
847 493 935 554 vadis
956 493 988 552 in
1010 502 1124 557 terram

221 591 350 632 evasere.

233 693 241 706 ,
260 649 391 711 XXIX.
433 650 516 710 Dum
531 651 686 730 elephanti
701 651 895 725 traiciuntur,
906 654 1028 714 interim
1038 654 1125 714 Han-

189 696 307 793 odibat
324 730 475 812 Numidas
490 732 604 810 equites
619 734 799 810 quingentos
814 733 852 792 ad
869 745 968 793 castra
983 734 1125 795 Romana

222 812 345 871 miserat
358 811 557 889 speculatum,
573 811 626 871 ubi
647 822 677 872 et
698 823 830 890 quantae
851 814 955 892 copiae
976 826 1074 874 essent
1094 824 1125 875 et

223 891 295 970 quid
320 901 472 970 pararent.
515 891 600 952 Huic
624 889 694 972 ‘alae
718 894 854 971 equitum
881 895 971 967 missi,
995 905 1029 954 ut
1053 905 1124 956 ante

174 987 207 1070 q
223 973 339 1031 dictum
361 981 414 1044 est,
431 971 470 1031 ab
495 973 570 1032 ostio
595 972 739 1032 Rhodani
765 974 890 1034 trecenti
915 975 1123 1035 Romanorum

73 1069 100 1130 q*
117 1075 120 1087 ’
140 1042 174 1102 t'
223 1053 338 1130 equites
372 1061 544 1134 occurrunt.
599 1052 755 1112 Proelium
791 1055 922 1114 atrocius
949 1076 1041 1133 quam
1069 1077 1124 1135 pro

171 1133 210 1196 10
225 1152 349 1192 numero
363 1121 565 1211 pugnantium
580 1133 697 1206 editur;
720 1155 791 1194 nam
806 1143 925 1213 praeter
947 1136 1045 1196 multa
1059 1136 1124 1198 vul-

224 1233 297 1272 nera
314 1213 420 1272 caedes
438 1214 531 1274 etiam
551 1234 605 1293 pro
666 1235 721 1290 par
743 1216 899 1294 utrimque
910 1215 976 1288 fuit,
992 1217 1125 1296 fugaque

225 1303 255 1353 et
270 1313 365 1372 pavor
380 1292 585 1354 Numidarum
607 1233 752 1355 {imanis
769 1296 835 1375 jam
856 1295 1020 1355 admodum
1041 1297 1124 1357 fessis

225 1375 383 1460 victqriam
398 1374 490 1434 dedit.
533 1375 673 1436 Victores
688 1375 728 1435 ad
743 1386 864 1436 centum
885 1378 1054 1456 sexaginta,
1070 1397 1125 1438 nec

224 1473 325 1514 omues
355 1455 497 1528 Romani,
522 1457 574 1516 sed
599 1477 669 1535 pars
695 1455 866 1529 Gallorum,
888 1457 963 1536 victi
991 1457 1124 1536 amplius

171 1538 209 1598 15
224 1536 346 1596 ducenti
362 1536 546 1597 ceciderunt.
587 1537 658 1596 Hoc
671 1536 857 1615 principium
871 1535 963 1596 simul
978 1557 1126 1616 omenque

225 1616 307 1688 belli,
323 1626 357 1676 ut
370 1637 505 1676 summac
520 1637 620 1677 rerum
637 1637 811 1696 prosperum
822 1627 974 1688 eventum,
986 1618 1030 1676 ita
1041 1617 1125 1678 haud

223 1717 295 1757 saue
319 1698 515 1758 incruentam
536 1698 738 1776 ancipitisque
766 1697 939 1757 certaminis
964 1697 1125 1758 victoriam

224 1778 371 1838 Romanis
391 1779 554 1857 portendit.

264 1859 317 1930 Ut,
334 1880 364 1920 re
379 1861 422 1919 ita
436 1870 529 1939 gesta,
544 1859 584 1920 ad
599 1868 762 1937 utrumque
776 1857 883 1919 ducem
898 1858 943 1918 sui
960 1858 1125 1933 redierunt,

171 1942 280 2004 aeneo
301 1941 436 2020 Scipioni
457 1952 537 2000 stare
558 1940 707 2000 sententia
729 1945 863 2017 poterat}
873 1938 931 1998 uisi
949 1949 983 1998 ut
1001 1959 1040 1998 ex
1056 1960 1125 2000 con-

223 2022 299 2082 siliis
324 2024 496 2101 coeptisque
523 2021 618 2092 hostis
642 2029 672 2080 et
696 2021 759 2098 ipse
787 2028 912 2079 conatus
941 2028 1070 2098 caperet,
1095 2027 1127 2080 et

224 2103 433 2163 Hannibalem
462 2103 621 2174 incertum,
647 2110 749 2160 utrum
778 2109 918 2176 coeptum
942 2100 974 2157 in
1000 2099 1125 2159 Italiam

224 2184 394 2244 intenderet
415 2185 481 2255 iter,
497 2203 536 2242 an
558 2186 628 2242 cum
649 2202 693 2264 eo,
709 2181 761 2259 qui
781 2181 896 2257 primus
916 2200 948 2238 se
968 2179 1125 2240 obtulisset

225 2263 381 2324 Romanus
396 2265 554 2335 exercitus,
569 2282 678 2322 manus
692 2269 868 2332 consereret,
883 2261 995 2320 avertit
1009 2281 1027 2319 a
1042 2281 1126 2338 prae·

170 2345 209 2406 25
224 2346 300 2405 senti
316 2346 480 2406 certamine
496 2345 641 2404 Boiorum
657 2342 826 2420 legatorum
838 2340 995 2419 regulique
1006 2340 1126 2420 Magali

224 2425 382 2499 adventus,
397 2427 459 2506 qui,
474 2446 505 2484 se
522 2428 614 2484 duces
629 2424 782 2494 itinerum,
796 2422 891 2480 socios
913 2421 1040 2498 periculi
1061 2425 1126 2480 t'ore

223 2506 427 2579 adfirmantes,
443 2507 561 2584 integro
583 2505 663 2564 bello
684 2521 832 2580 nusquam
851 2511 923 2559 ante
937 2501 1041 2560 libatis
1054 2502 1126 2562 viri·

224 2585 279 2646 bus
295 2587 419 2648 Italiam
433 2585 671 2664 adgrediendam
683 2591 814 2662 cqnsgqt.
856 2581 1025 2640 Multitudo
1041 2581 1127 2641 time·

223 2666 276 2728 bat
304 2669 426 2746 quidem
455 2667 579 2739 hostem,
608 2665 742 2724 nondum
773 2662 949 2722 oblitterata
979 2661 1127 2722 memoria

171 2747 209 2809 30
223 2749 385 2826 superioris
408 2748 483 2806 belli
491 2769 497 2819 3
519 2748 569 2806 sed
587 2747 682 2824 magis
701 2745 758 2803 iter
774 2744 943 2802 inmensum
959 2740 1125 2820 Alpesque,

126 2856 130 2864 ·
208 2849 286 2902 ¹rem
302 2831 384 2887 fama
436 2830 504 2923 igue
518 2827 684 2905 inexpertis
698 2823 890 2894 horrendam,
907 2821 1068 2881 metuebat.

180 2899 375 2997 jssfxxx.
399 2839 529 2986 uitaque
547 2889 715 2976 Hanntlrttl,
740 2893 889 2982 ,pstquam
904 2899 963 3041 ipsi
975 2893 1129 2964 senteutid

218 2986 306 3049 'stetit
335 2977 470 3068 pcrgdre‘
485 2980 534 3046 ir&
552 2981 647 3064 'atque
676 2981 800 3044 Italuim
837 2977 946 3062 petdr,
969 2982 1126 3042 arlvocirta

224 3071 372 3141 contione,
398 3070 482 3130 varic
512 3069 643 3126 militum
673 3075 773 3124 versat
802 3066 919 3123 animos
948 3063 1126 3140 castigando

171 3151 490 3227 aestimandoque:
514 3149 636 3205 ‘mirari
657 3167 696 3217 se,
717 3147 842 3224 quinam
864 3155 987 3222 pectora
1007 3159 1126 3222 semper

223 3231 379 3306 impavida
395 3249 499 3307 repens
514 3238 610 3286 tcrror
625 3227 778 3286 invaserit.
821 3225 880 3284 Pcr
895 3235 939 3282 tot
954 3243 1048 3282 annos
1062 3225 1126 3282 vin-

223 3311 317 3368 ceritis
334 3331 383 3368 cos
402 3308 554 3386 stipendia
569 3309 675 3378 facere,
691 3325 788 3383 neque
809 3315 880 3364 ante
902 3305 1054 3380 Hiqnnia
1075 3323 1125 3364 ex-

224 3390 342 3449 cessisse
363 3409 453 3468 quam
476 3407 578 3447 omnes
598 3397 761 3464 gentesque
782 3395 812 3444 et
834 3397 939 3444 terrac.
964 3405 1038 3462 quos
1063 3383 1126 3444 duo

223 3469 343 3530 diversa
353 3469 450 3529 maria
464 3466 697 3546 amplectantur,
709 3465 1006 3544 Carthaginiensium
1017 3479 1125 3525 esseut.
