2520 3784
105 197 149 262 84
273 213 485 263 n1s1n1v1
513 212 568 262 aa
594 211 711 262 vana
741 211 930 262 connrra

197 369 241 433 ΙΙ.
283 369 343 431 His
357 371 468 448 anxins
482 370 562 440 curis
576 371 620 437 ita
633 391 665 430 se
679 369 787 430 Africo
801 367 892 442 bello,
904 371 984 450 quod
998 371 1058 432 fuit

155 451 212 512 sub
234 460 384 512 recentem
405 451 577 512 Romanam
598 469 714 530 pacem,
728 470 782 529 per
801 451 936 530 quinque
952 472 1056 526 annos,

157 532 202 592 ita
216 531 325 602 deinde
338 551 447 592 novem
463 533 551 592 annis
565 532 597 590 in
611 529 771 613 Hispania
786 531 925 610 augendo
941 527 1057 593 Punico

156 590 404 704 imperiolgessit
419 621 454 672 ut
474 621 643 691 appareret,
658 611 756 691 majus
775 629 845 670 eum
864 613 957 690 quam
976 613 1056 692 quod

123 694 142 752 5
177 702 273 753 areret
283 693 399 772 agitare
413 693 444 751 in
458 694 560 752 animo
571 691 695 764 bellum,
706 703 744 764 et,
754 693 779 752 si
794 691 910 754 diutius
921 693 1055 766 vixisset,

192 773 337 834 amilcare
351 773 428 834 duce
442 772 558 833 Poenos
572 791 659 832 arma
669 771 780 833 Italiae
791 773 940 854 inlaturos
955 773 1055 847 fuisse,

156 873 234 932 qnae
248 851 435 914 Hannibalis
449 853 543 913 ductu
556 851 736 916 intulerunt.
791 837 837 923 a,
1120 913 1123 918 ,

196 933 280 994 Mors
302 933 490 994 Hamilcaris
508 942 733 1012 peropportuna
747 942 777 995 et
791 932 923 1014 pueritia
937 933 1056 1016 Hanni-

135 1014 234 1092 „balis
258 1013 443 1074 distulerunt
464 1013 590 1074 bellum.
632 1013 753 1074 Medius
776 1013 955 1076 Hasdrubal
976 1017 1056 1086 inter

103 1095 143 1158 10
157 1105 274 1174 patrem
288 1115 323 1156 ac
339 1095 437 1153 filium
448 1103 516 1155 octo
527 1095 621 1155 ferme
635 1115 729 1154 annos
741 1095 902 1174 imperium
914 1095 1055 1169 obtinuit,

104 1195 105 1198 ’
155 1175 228 1236 flore
243 1175 359 1248 aetatis,
375 1175 420 1234 uti
435 1175 545 1249 ferunt,
560 1177 659 1254 primo
674 1174 850 1236 Hamilcari
865 1175 1053 1249 conciliatus,

154 1275 247 1335 gener
259 1255 329 1316 inde
343 1255 382 1316 ob
396 1255 492 1316 altam
507 1256 640 1317 indolem
652 1255 785 1334 profecto
799 1255 895 1316 animi
910 1254 1052 1329 adscitus,
1084 1307 1088 1313 .

155 1334 288 1416 atquin
308 1357 400 1416 gener
421 1346 494 1410 erat,
515 1337 655 1398 factionis
676 1335 826 1409 Barcinae
847 1335 963 1414 opibus,
977 1357 1055 1416 quae

155 1417 238 1496 apud
258 1417 370 1477 milites
391 1417 572 1496 plebemque¹
591 1415 659 1496 plus
680 1436 772 1496 quam
798 1415 934 1482 modicae
956 1426 1053 1496 eqant,
1071 1463 1100 1499 ,-

103 1497 141 1558 15
155 1499 238 1558 haud
259 1519 330 1560 sane
351 1499 509 1558 voluntate
530 1496 711 1576 principum,
730 1497 762 1556 in
784 1491 908 1566 imperio
932 1492 1106 1576 positusf—sfi'

154 1579 194 1652 Is,
218 1580 308 1658 plura
333 1577 457 1640 consilio
482 1595 573 1657 quarn
600 1581 630 1658 ni
677 1588 769 1638 erens.
795 1577 932 1656 lits-piri}
957 1575 1053 1662 magis

154 1664 329 1740 regulorum
350 1656 643 1740 corroniandisque'p
662 1658 857 1718 ramic‘itiam
877 1647 1086 1744 pr'ineipdmff

153 1743 239 1803 novis
261 1740 402 1820 gentibus
423 1759 515 1820 quarn
540 1739 621 1799 bello
647 1747 701 1798 aut
725 1739 817 1797 armis
842 1757 904 1820 rem
925 1735 1053 1800 Cartha·

153 1823 319 1900 ginicnscm
340 1821 437 1894 auxit.
480 1819 622 1882 Ceterum
636 1818 733 1878 nihilo
748 1818 775 1878 ei
789 1838 851 1898 pax
866 1819 961 1878 tutior
974 1818 1035 1878 fuit
1044 1841 1053 1892 ;

99 1903 139 1965 20
155 1901 301 1962 barbarus
315 1923 382 1962 eum
402 1895 527 1980 quidam
548 1900 652 1979 palam
676 1899 714 1960 ob
738 1899 815 1959 iram
838 1899 995 1978 inteql'eqti
1012 1897 1052 1959 ab

152 2003 186 2044 eo
202 1983 317 2042 domini
329 1983 508 2052 obtruncat;
523 1999 764 2058 conprensusque
779 1978 817 2040 ab
833 1979 1052 2039 circumstanti·

153 2063 208 2124 bus
223 2063 305 2124 haud
320 2063 382 2124 alio
396 2083 487 2141 quam
502 2060 526 2120 si
542 2061 684 2121 evasisset
698 2059 797 2130 uultu,
810 2059 966 2136 tormentis
980 2079 1052 2138 quo·

152 2163 210 2222 que
224 2164 293 2204 cum
308 2143 546 2222 laceraretur,jeo
560 2141 622 2219 fuit
635 2139 743 2224 habitu
757 2141 825 2212 oris,
836 2149 879 2210 ut,
889 2148 1052 2220 superante

152 2223 270 2286 laetitia
285 2223 411 2295 dolores
427 2223 554 2282 ridentis
565 2221 659 2296 'etiarn
675 2219 802 2298 speeiem
818 2219 999 2298 praebuerit.
1037 2260 1041 2265 -

11 2297 12 2300 Ἴ
99 2309 137 2370 25
192 2303 270 2366 Cum
290 2305 347 2364 hb'e
363 2297 658 2380 Hasdrubalaquisi
679 2301 774 2360 mirae
794 2298 867 2360 artis
889 2299 920 2358 in
941 2291 1052 2360 nullibi-

152 2385 253 2448 taudis
280 2370 421 2465 gentibb's
450 2379 638 2466 imperitoque
663 2383 716 2442 stro
747 2379 912 2459 jungendis
939 2371 1049 2454 sclito,

151 2467 256 2528 foedus
279 2473 478 2526 renovaverat
500 2463 631 2543 populus
654 2461 869 2536 liberandam
888 2459 956 2518 finis
979 2461 1047 2520 utri-

151 2569 245 2628 usque
272 2545 392 2625 imperii
420 2554 496 2605 esset
522 2545 621 2604 amnis
647 2541 792 2612 Hiberus,
816 2539 1052 2620 Saguntinisque

151 2629 259 2691 mediis
286 2627 366 2687 inter
393 2625 520 2704 imperia
548 2625 678 2706 duorum
710 2621 892 2703 populorum
927 2620 1052 2698 libertas

99 2711 138 2772 30
151 2716 286 2770 servaret
324 2753 331 2767 .
1008 2772 1011 2780 1

193 2788 254 2850 III.
315 2808 335 2846 n
357 2784 562 2846 Hasdrubalis
583 2782 684 2845 lbclim
706 2781 789 2842 baird
808 2776 964 2860 diblbrfia
982 2768 1031 2842 fui
1043 2828 1051 2856 ,

86 2883 100 2894 ⁸
152 2872 227 2950 quin
256 2853 470 2949 praertgnuvt
497 2857 646 2936 militaris,
669 2861 909 2942 qrra'fe'xt‘empl'd
930 2849 1081 2940 jiivb‘ni‘sss

153 2949 314 3011 Hannibal
328 2950 360 3008 in
375 2941 561 3027 praetbriuin
573 2945 691 3004 delatus
702 2943 924 3022 imperatorque
937 2941 1052 3020 ingenti

153 3033 289 3092 omnium
304 3029 435 3089 clamore
456 3036 547 3104 atque
568 3025 696 3084 adsensu
718 3024 890 3102 appellatus
905 3033 978 3094 crat,
995 3023 1012 3058 ³⁸
1025 3022 1052 3058 ·*

101 3115 139 3174 35
155 3113 242 3176 lavor
271 3109 367 3188 plebis
394 3105 585 3185 sequebatur.
628 3105 722 3164 Hune
753 3105 878 3182 vixdum
908 3103 1051 3188 puberem

154 3177 333 3252 Hasdrubal
362 3187 471 3248 litteris
499 3183 539 3249 ad
567 3203 598 3244 sc
625 3185 814 3258 accersierat,
843 3197 970 3260 actaque
1007 3203 1053 3264 res

154 3274 246 3332 ctiam
274 3271 307 3330 in
334 3265 582 3340 senatufiuerat.
639 3263 785 3326 Barcinis
813 3263 991 3336 nitentiln'rr,
1019 3275 1054 3324 ut

52 3397 57 3404 -
155 3353 344 3412 adsuesceret
358 3347 485 3418 militiae
499 3343 661 3404 Hannibal
675 3354 765 3422 atque
780 3344 811 3402 in
828 3356 967 3422 paternia-
988 3365 1002 3404 r
1017 3365 1053 3404 rc-

156 3433 276 3495 eederet
293 3449 372 3510 epea,
387 3427 511 3500 Hanno,
526 3423 651 3486 alterius
672 3424 811 3486 tinctionis
833 3428 972 3506 princeps·
998 3429 1003 3484 ἶ

1018 3698 1027 3746 t
