2562 3788
389 298 522 345 urana
547 283 818 367 xxv1,18-19.
1051 289 1118 357 213

158 455 292 516 clamore
314 475 350 515 ac
372 455 477 517 favore
499 456 625 516 ominati
648 458 802 539 extemplo
820 468 892 520 sunt
906 459 982 522 felix
997 463 1063 524 lau-

156 546 299 614 stumque
313 536 483 614 imperium.
525 537 609 598 Jussi
620 537 730 598 deinde
741 539 819 600 inire
833 541 1011 620 suffragium
1023 545 1064 606 ad

157 636 254 675 unum
269 637 371 676 omnes
385 637 446 677 non
462 618 617 678 centuriae
638 618 736 692 modo,
750 619 801 679 sed
820 621 911 680 etiam
927 623 1064 685 homines

157 696 192 758 P.
217 696 353 776 Scipioni
381 697 543 776 imperium
571 718 633 758 esse
661 699 693 757 in
722 699 875 778 Hispania
899 702 1063 782 jusserunt.

155 777 299 840 Ceterum
321 787 388 858 post
411 799 474 837 rem
495 787 606 851 actam,
620 787 656 839 ut
673 780 738 859 jam
762 781 912 842 resederat
933 783 1063 863 impetus
1097 789 1117 850 5

155 860 328 920 animorum
343 858 501 938 ardorque,
516 859 672 919 silentium
692 860 793 920 subito
808 870 908 921 ortum
924 872 954 924 et
968 865 1063 926 tacita

155 941 309 1019 cogitatio,
321 940 468 1019 quidnam
482 940 629 1018 egissent?
669 939 781 1001 Nonne
795 941 883 1002 favor
897 943 966 1023 plus
977 944 1063 1006 valu-

154 1019 225 1081 isset
239 1040 331 1099 qnam
345 1021 446 1080 ratio?
486 1021 607 1080 Aetatis
628 1021 764 1081 maxime
785 1022 976 1101 paenitebat;
998 1026 1062 1105 qui·

153 1100 226 1161 dam
240 1103 394 1162 fortunam
416 1101 507 1160 etiam
530 1101 636 1162 domus
657 1101 824 1163 horrebant
840 1123 1010 1184 nomenque
1023 1125 1062 1166 ex

153 1180 282 1242 funestis
302 1181 420 1242 duabus
440 1181 566 1242 familiis
586 1182 619 1241 in
640 1201 690 1244 eas
711 1182 894 1262 provincias,
908 1184 962 1244 ubi
982 1187 1061 1246 inter
1077 1191 1116 1253 10

151 1263 293 1342 sepulcra
313 1263 408 1342 patris
429 1263 592 1342 patruique
612 1283 659 1324 res
680 1263 830 1344 gerendae
851 1275 957 1339 essent,
972 1266 1060 1346 proli·

152 1342 301 1406 ciscentis.

191 1423 288 1486 xlx
330 1424 432 1502 Quam
448 1424 501 1484 ubi
516 1423 555 1486 ab
569 1445 602 1485 re
616 1432 702 1485 tanto
724 1423 840 1505 impetu
861 1434 931 1486 acta
950 1426 1059 1487 sollici·
1106 1465 1110 1477 ι

151 1504 291 1564 tudinem
305 1525 470 1585 curamque
484 1506 644 1566 hominum
666 1505 895 1579 animadvertit,
910 1507 1060 1568 advocata

151 1584 301 1658 contione,
323 1586 367 1646 ita
388 1586 426 1646 de
450 1595 549 1647 aetate
572 1607 628 1646 sua
652 1586 840 1665 imperioque
863 1587 1008 1647 mandato
1028 1597 1059 1648 et
1074 1593 1111 1654 15

150 1663 242 1738 bello,
264 1666 344 1744 quod
365 1667 537 1746 gerundum
557 1675 642 1739 esset,
664 1685 775 1746 magno
796 1666 935 1745 elatoque
956 1667 1058 1729 animo

150 1744 301 1819 disseruit,
327 1756 362 1807 ut
385 1747 523 1807 ardorem
549 1768 629 1821 eum,
650 1747 703 1826 qui
728 1747 889 1820 resederat,
910 1748 1058 1809 excitaret

149 1845 254 1886 rursus
267 1836 463 1907 novaretque,
479 1837 509 1889 et
523 1828 663 1907 impleret
677 1827 814 1888 homines
828 1827 964 1888 certioris
984 1828 1056 1907 spei,

149 1926 242 1984 quam
264 1921 409 1986 quantam
435 1909 508 1969 fides
532 1908 673 1989 promissi
694 1907 823 1967 humani
843 1917 898 1968 aut
918 1908 996 1968 ratio
1017 1929 1056 1969 ex

148 1986 263 2047 fiducia
277 2009 378 2048 rerum
392 1989 529 2051 subicere
549 1989 633 2050 solet.
675 1987 751 2048 Fuit
771 1989 851 2048 cuim
872 1988 974 2068 Scipio
994 2009 1055 2049 non
1071 1994 1109 2055 20

148 2067 228 2127 veris
253 2078 374 2129 tantum
395 2071 561 2133 virtutibus
586 2069 745 2142 mirabilis,
770 2069 822 2128 scd
847 2077 913 2129 arte
936 2088 1056 2148 quoque

148 2149 282 2226 quadam
297 2149 337 2210 ab
353 2152 484 2230 juventa
498 2152 530 2210 in
545 2151 776 2213 ostentationem
792 2169 897 2208 earum
912 2150 1055 2228 composi·

146 2237 205 2301 tus,
218 2229 363 2310 pleraque
377 2241 453 2311 aput
466 2232 695 2293 multitudinem
711 2240 765 2290 aut
778 2235 811 2290 ut
823 2249 877 2308 per
891 2238 1054 2290 nocturnas

146 2309 213 2370 visa
227 2312 341 2391 speeies
355 2323 410 2374 aut
423 2314 510 2374 velut
525 2313 674 2374 divinitus
695 2320 795 2371 mente
816 2311 932 2371 monita
953 2329 1053 2388 agens,

145 2390 209 2452 sive
224 2402 255 2452 et
269 2392 334 2473 ipse
347 2393 430 2474 capti
445 2395 576 2474 quadarn
592 2392 804 2472 superstitione
817 2390 921 2463 animi,
935 2390 999 2450 sive
1020 2400 1055 2451 ut
1069 2396 1106 2456 25

146 2470 277 2550 imperia
304 2475 490 2554 consiliaque
515 2475 599 2537 velut
626 2482 705 2534 sorte
729 2471 845 2532 oraculi
872 2472 963 2531 missa
989 2470 1054 2530 sine

146 2554 341 2617 cunctat-ione
355 2566 599 2636 exsequerentur.
640 2554 694 2615 Ad
709 2553 766 2613 hoc
779 2554 843 2632 jam
859 2551 931 2611 inde
944 2550 984 2612 ab
998 2551 1053 2610 ini-

144 2633 188 2693 tio
202 2655 389 2715 praeparans
403 2639 528 2711 animos,
541 2658 580 2698 ex
593 2657 653 2716 quo
667 2645 770 2713 togam
783 2632 902 2693 virilem
916 2631 1052 2711 sumpsit,

144 2714 231 2775 nullo
243 2716 292 2776 die
308 2717 391 2796 prius
401 2718 499 2778 ullam
514 2717 669 2797 publicam
685 2715 899 2796 privatamque
912 2733 976 2772 rem
991 2713 1053 2790 egit

145 2814 237 2874 quam
253 2797 285 2857 iu
301 2797 487 2878 Capitolium
503 2799 562 2860 iret
575 2800 785 2878 ingressusque
800 2793 905 2854 aedem
920 2792 1052 2854 conside·
1067 2796 1106 2857 30

143 2886 190 2936 ret
204 2885 235 2936 et
249 2877 429 2958 plerumque
442 2879 523 2941 solus
543 2879 575 2939 in
596 2888 710 2940 secreto
732 2877 774 2936 ibi
795 2884 913 2952 tempus
934 2881 1051 2933 tereret.

143 2955 208 3018 Hic
233 2979 308 3032 mos,
331 2980 385 3038 per
408 2980 528 3020 omnem
549 2960 645 3021 vitam
670 2959 817 3030 servatus,
838 2974 889 3037 sen
915 2952 1052 3014 consulto

142 3057 195 3097 seu
223 3047 337 3100 temere
361 3038 505 3120 vulgatae
530 3039 669 3120 opinioni
691 3038 780 3098 fidem
806 3044 882 3116 aput
906 3033 1051 3113 quosdam

143 3118 224 3192 fecit,
239 3120 344 3199 stirpis
365 3141 432 3180 eum
457 3121 580 3180 divinae
593 3120 695 3180 virum
717 3138 787 3190 esse,
808 3115 987 3192 rettulitque
1009 3114 1052 3172 sa·

142 3219 224 3259 mam
246 3201 279 3259 in
301 3200 483 3261 Alexandro
504 3221 614 3280 magno
635 3199 718 3279 prius
739 3198 907 3276 vulgatam,
923 3206 953 3254 et
966 3194 1051 3255 vani·
1066 3195 1104 3256 35

142 3288 205 3340 tate
220 3290 251 3340 et
264 3281 373 3341 fabula
386 3301 500 3361 parem,
516 3281 624 3360 anguis
645 3279 785 3339 immanis
803 3276 967 3338 concubitu
984 3295 1052 3335 eon·

141 3370 327 3440 captumst
350 3361 383 3420 in
408 3361 551 3422 cubiculo
576 3361 681 3419 matris
705 3360 768 3437 ejus
789 3359 887 3418 visam
909 3375 1051 3435 persaepe

140 3441 273 3520 prodigii
290 3443 353 3521 ejus
373 3441 503 3520 speciem
525 3441 760 3516 interventuque
775 3436 933 3496 hominum
949 3434 1051 3496 evolu-

140 3530 342 3602 tamrepeutc
351 3532 445 3602 atque
453 3541 492 3582 ex
502 3519 599 3582 oculis
610 3519 753 3597 elapsam.
794 3515 897 3595 Hujus
908 3514 1050 3574 miraculi
