2568 3782
419 242 551 289 urana
579 242 694 307 xxm,
723 225 808 290 1-2.
1048 229 1113 293 145

155 409 256 464 tremo
267 399 431 462 Decembri
440 403 505 480 jam
520 419 620 460 mense
634 400 673 460 ad
689 399 793 460 aedem
808 399 934 461 Saturni
945 402 1062 464 Romae

157 480 350 542 immolatum
380 490 433 554 est,
458 480 738 559 lectisterniumque
764 482 948 560 imperatum
979 483 1059 562 ([et]

159 582 228 622 eum
264 562 377 621 lectum
411 563 562 622 senatores
596 567 786 638 straverunt)
821 571 851 622 et
885 563 1061 624 convivium

158 643 326 722 publicum,
342 661 378 701 ac
400 661 453 720 per
475 641 579 714 urbem
602 640 780 702 Saturnalia
796 642 876 702 diem
891 663 927 702 ac
941 652 1061 704 noctem

160 723 302 794 clamata,
318 721 506 801 populusque
520 742 588 781 eum
605 721 685 782 diem
704 722 815 782 festum
829 722 941 784 habere
954 744 991 784 ac
1003 743 1062 784 ser·
1096 725 1116 785 5

159 822 233 863 vare
247 803 278 862 in
293 813 472 880 perpetuum
483 803 591 880 jussus

200 882 243 942 11.
286 882 370 942 Dum
392 882 497 943 consul
518 882 677 961 placandis
702 882 821 943 Romae
842 882 889 944 dis
910 883 1061 945 habendo-

158 982 218 1041 que
247 962 362 1023 dilectu
391 964 445 1022 dat
473 983 606 1042 operam,
635 963 806 1036 Hannibal,
835 965 987 1043 profectus
1022 985 1061 1025 ex

160 1043 311 1114 hibernis,
328 1045 399 1121 quia
419 1044 485 1122 jam
512 1042 699 1103 Flaminium
726 1045 879 1104 consulem
903 1045 1062 1106 Arretium

160 1124 332 1204 pervenisse
359 1124 442 1183 fama
470 1132 544 1196 erat,
568 1143 638 1183 curn
663 1123 748 1184 alind
773 1124 903 1203 lougius,
927 1135 1060 1186 ceterum
1077 1125 1116 1186 10

159 1203 347 1263 commodius
372 1204 580 1264 ostenderetur
605 1205 672 1276 iter,
697 1205 868 1284 propiorem
898 1207 980 1267 viam
1008 1227 1063 1284 per

159 1284 303 1363 paludem
319 1285 403 1362 petit,
419 1305 480 1363 qua
498 1284 611 1346 fluvius
625 1285 730 1344 Arnus
746 1305 866 1364 percos
887 1285 951 1345 dies
971 1286 1061 1347 solito

159 1364 256 1442 magis
285 1364 497 1426 inundaverat.
541 1364 696 1443 Hispanos
725 1378 755 1425 et
786 1366 876 1426 Afros
902 1367 948 1445 (id
972 1387 1061 1426 omne

160 1445 296 1505 veterani
324 1453 390 1505 erat
417 1445 511 1505 robur
538 1445 716 1519 exercitus),
744 1446 891 1506 admixtis
926 1447 1060 1525 ipsorum

159 1523 382 1603 inpedimentis,
397 1525 508 1585 necubi
524 1525 684 1586 consistere
706 1527 819 1586 coactis
839 1528 1007 1587 necessaria
1021 1527 1060 1587 ad
1077 1527 1115 1588 15

158 1623 230 1665 usus
247 1605 391 1676 deessent,
408 1607 521 1684 primos
542 1606 585 1665 ire
602 1607 711 1685 jussit;
731 1608 815 1686 sequi
837 1605 953 1680 Gallos
974 1616 1009 1667 ut
1028 1607 1061 1667 id

157 1685 289 1763 agminis
310 1686 444 1745 medium
466 1696 557 1757 esset;
579 1687 758 1747 novissimos
777 1690 822 1747 ire
843 1688 974 1766 equites;
996 1687 1061 1749 Ma-

157 1785 268 1843 gonem
290 1766 361 1825 inde
385 1786 454 1825 cum
480 1767 629 1845 expeditis
651 1767 794 1827 Numidis
816 1787 922 1846 cogere
942 1788 1060 1846 agmen,

158 1846 293 1904 maxime
307 1845 422 1919 Gallos,
437 1847 462 1906 si
484 1847 584 1907 taedio
606 1847 718 1907 laboris
740 1847 908 1927 longaeque
928 1848 1005 1922 viae,
1026 1858 1061 1910 ut

155 1935 202 1985 est
213 1925 313 1985 mollis
327 1926 368 1984 ad
383 1927 459 1986 talia
473 1947 554 2005 gens,
567 1927 777 1988 dilaberentur
787 1938 841 1987 aut
853 1928 1059 2002 subsisterent,
1076 1929 1115 1991 20

156 2005 358 2065 cohibentem.
401 2006 507 2080 Primi,
525 2028 587 2086 qua
607 2007 697 2068 modo
718 2009 872 2088 praeirent
892 2009 992 2081 duces,
1007 2029 1062 2088 per

156 2085 309 2164 praealtas
329 2086 405 2146 fluvi
426 2107 463 2147 ac
484 2089 651 2166 profundas
664 2091 834 2167 voragines,
849 2090 949 2148 hausti
966 2109 1061 2168 paene
1124 2112 1128 2125 ¹

156 2165 230 2226 limo
254 2167 515 2246 inmergentesque
537 2189 577 2241 se,
603 2178 705 2228 tamen
733 2172 821 2248 signa
847 2169 1058 2248 sequebantur.

156 2245 242 2308 Galli
259 2267 356 2325 neque
370 2248 517 2308 sustinere
530 2269 561 2308 se
575 2269 674 2328 neque
688 2249 822 2328 prolapsi
843 2251 1007 2328 adsurgere
1020 2271 1059 2311 ex

155 2327 353 2406 voraginibus
380 2337 528 2407 poterant,
555 2346 607 2386 uec
634 2336 688 2386 ant
715 2347 840 2407 corpora
867 2327 977 2386 animis
1011 2329 1116 2389 aucta

155 2409 273 2468 animos
300 2427 352 2485 spe
379 2407 575 2479 sustinebant,
604 2407 657 2466 alii
685 2407 761 2466 fessa
789 2427 877 2486 aegre
911 2408 1064 2468 trahentes

156 2487 303 2560 membra,
327 2487 391 2559 alii,
414 2487 467 2546 ubi
495 2487 587 2546 semel
609 2487 699 2548 victis
728 2487 829 2547 taedio
857 2486 967 2546 animis
995 2506 1060 2564 pro·

157 2569 341 2638 cubuissent,
368 2569 447 2626 inter
470 2567 612 2646 jumenta
640 2577 670 2627 et
699 2568 764 2646 ipsa
788 2568 924 2647 jacentia
948 2566 1059 2645 passim

157 2651 335 2718 morientes;
357 2649 550 2726 maximeque
565 2648 700 2708 omnium
717 2649 842 2727 vigiliae
859 2647 1059 2708 conficiebant

157 2747 211 2808 per
226 2727 430 2806 quadriduum
443 2728 506 2806 jam
523 2737 554 2787 et
568 2738 628 2788 tres
649 2738 753 2789 noctes
773 2730 928 2790 toleratae.
971 2727 1059 2800 Cum,
1074 2724 1114 2784 30

157 2814 260 2868 omma
289 2808 495 2867 obtinentibus
525 2809 620 2887 aquis,
644 2809 723 2868 nihil
748 2810 801 2870 ubi
826 2810 960 2869 insieco
984 2808 1060 2868 fessa

157 2899 327 2949 sternerent
341 2908 469 2966 corpora
490 2888 620 2949 inveniri
657 2901 741 2964 osset,
757 2890 919 2950 cumulatis
934 2890 964 2948 in
981 2909 1061 2967 aqua

155 2974 280 3034 sarcinis
328 2973 450 3050 insuper
497 2911 721 3042 incumbebant,
763 2975 814 3028 out
855 2969 1062 3047 jumentorum

156 3056 263 3114 itinere
278 3063 340 3114 toto
355 3061 573 3131 prostratorum
593 3051 704 3128 passim
725 3049 827 3110 acervi
847 3057 967 3109 tantum
982 3047 1064 3127 quod

156 3144 290 3194 exstaret
315 3152 395 3210 aqua
416 3129 633 3210 quaerentibus
655 3129 695 3188 ad
718 3128 850 3207 quietern
874 3127 961 3205 parvi
987 3134 1060 3183 tem·
1077 3121 1116 3181 35

156 3215 238 3294 poris
268 3213 468 3272 necessarium
498 3209 599 3269 cubile
627 3208 751 3269 dabant.
793 3207 864 3286 Ipse
888 3203 1059 3276 Hannibal,

156 3293 363 3372 aeger‘ocnlis
385 3311 424 3350 ex
446 3310 541 3351 verna
561 3289 693 3368 primurn
720 3288 897 3365 intemperie
922 3285 1061 3346 variante

157 3373 478 3462 qalores't'rigoraque,
499 3370 671 3448 elephanto,
686 3369 740 3446 qui
761 3387 840 3426 unus
860 3364 1061 3444 superfuerat,

152 3471 218 3535 ‘qno
232 3453 326 3580 alffius
341 3455 380 3578 qb
396 3471 477 3530 aqua
492 3459 635 3522 exstaret,
649 3460 764 3518 vectus,
779 3445 894 3524 vigiliis
915 3454 1017 3502 tamen
1031 3449 1062 3502 et

299 3559 333 3568 -
361 3545 413 3592 rvy.
