2568 3782
162 231 224 295 148
333 244 423 291 r1r1
450 242 548 293 n1v1
573 243 629 290 Aa
654 241 770 292 vana
796 240 987 293 conarri

212 402 267 464 nbi
294 422 356 482 qua
383 401 492 481 cuique
520 401 694 480 proximum
722 399 782 460 fuit
809 398 1059 472 decucurrerunt,
1083 420 1119 462 eo

212 484 309 563 magis
325 483 472 542 Romanis
492 481 595 542 subita
615 491 708 560 atque
722 481 876 559 inprovisa
890 499 936 540 res
951 481 1021 552 t'uit,
1035 480 1119 559 quod

212 576 279 626 orta
298 583 337 623 ex
353 562 424 622 lacu
446 562 559 622 nebula
580 581 688 640 campo
709 581 801 640 quarn
822 560 975 620 montibus
996 561 1120 621 densior

211 645 339 717 sederat,
354 643 538 722 agminaque
552 641 685 702 hostium
700 662 739 701 ex
754 639 893 720 pluribus
907 640 1038 701 collibus
1052 643 1121 720 ipsa

178 727 198 787 5
212 725 292 786 inter
306 745 337 784 se
351 723 425 784 satis
440 731 602 802 conspecta
616 741 711 800 eoque
725 723 823 800 magis
837 721 953 800 pariter
973 721 1121 782 decucur-

212 814 323 866 rerant.
368 805 534 876 Romanus,
550 803 683 862 clamore
697 802 780 881 prius
796 803 930 880 undique
943 812 1011 862 orto
1025 822 1119 880 quarn

210 887 283 946 satis
297 893 443 957 cerneret,
452 904 484 943 se
499 884 741 944 circumventum
756 902 818 942 esse
832 881 940 955 sensit;
955 891 986 942 et
999 893 1074 942 aute
1087 883 1120 941 in

211 967 343 1026 frontem
363 965 521 1044 lateraque
543 963 675 1042 pugnari
696 972 837 1041 coeptum
858 971 911 1034 est,
931 982 1024 1041 quam
1045 963 1121 1023 satis

211 1047 412 1107 instrueretur
425 1047 505 1106 acies
519 1053 575 1104 aut
590 1043 729 1123 expediri
743 1062 830 1103 arma
839 1042 1010 1123 stringique
1020 1042 1120 1123 gladii

159 1129 197 1190 10
279 1135 338 1188 ent.

210 1147 292 1267 loll.
335 1205 459 1279 Consul,
474 1205 620 1285 perculsis
642 1203 793 1278 omnibus,
809 1203 873 1284 ipse
893 1204 975 1278 satis,
990 1204 1073 1266 utin
1087 1225 1122 1266 re

210 1286 340 1365 trepida,
355 1287 529 1364 inpavidus,
545 1286 684 1348 turbatos
706 1284 836 1358 ordines,
851 1295 989 1346 vertente
1002 1306 1033 1345 se
1048 1305 1121 1364 quo-

211 1387 270 1446 que
284 1367 325 1426 ad
339 1367 473 1427 dissonos
488 1367 645 1440 clamores,
655 1367 781 1428 iustruit
795 1376 830 1426 ut
845 1377 964 1445 tempus
975 1365 1121 1445 locusque

211 1448 346 1526 patitur3
367 1455 406 1520 et,
424 1466 616 1527 quacumque
641 1448 727 1508 adire
751 1447 912 1527 audirique
936 1457 1046 1528 potest,
1068 1447 1121 1506 ad·

159 1532 197 1594 15
212 1529 353 1589 hortatur
366 1547 403 1587 ao
417 1537 497 1588 stara
512 1548 548 1588 ac
565 1549 703 1608 pugnare
720 1529 826 1609 jubet:
851 1533 923 1590 ‘nec
943 1528 1026 1588 enim
1047 1528 1121 1588 inde

213 1610 291 1670 votis
314 1616 368 1668 aut
390 1608 595 1687 inploratione
618 1610 719 1684 deum,
734 1610 787 1670 sed
804 1611 837 1672 vi
859 1630 896 1670 ac
914 1611 1030 1671 virtute
1050 1629 1120 1670 eva-

212 1689 345 1748 dendum
368 1709 448 1761 esse;
469 1709 524 1768 per
546 1690 662 1750 medias
685 1692 765 1752 acies
786 1691 867 1752 ferro
881 1692 964 1753 viam
987 1691 1063 1763 fieri,
1079 1699 1118 1764 et,

212 1787 271 1848 quo
286 1768 402 1829 timoris
417 1769 517 1830 miuus
531 1771 580 1843 sit,
596 1791 631 1831 eo
647 1772 748 1832 minus
758 1839 759 1844 η
769 1772 865 1834 ferina
884 1773 1013 1853 periculi
1036 1771 1118 1832 esse'

212 1849 353 1910 Ceterum
374 1869 447 1929 prae
467 1851 596 1930 strepitu
611 1872 648 1912 ac
664 1852 799 1914 tumultu
815 1875 871 1916 nec
886 1854 1048 1915 consilium
1061 1871 1118 1914 nec

159 1935 198 1996 20
213 1930 374 2008 imperium
397 1930 497 2009 accipi
521 1940 649 2010 poterat,
676 1943 859 2016 tantumque
881 1935 988 1996 aberat
1007 1944 1043 1995 ut
1063 1954 1119 1995 sua

211 2009 299 2089 signa
322 2019 415 2090 atque
437 2011 557 2072 ordines
578 2022 610 2073 et
631 2013 733 2075 locum
757 2026 923 2090 noscerent,
944 2025 979 2076 ut
999 2016 1055 2077 vix
1078 2013 1119 2076 ad

212 2110 299 2150 arma
321 2091 470 2169 capienda
491 2093 688 2173 aptandaque
711 2116 832 2176 pugnae
856 2107 1029 2177 conpeteret
1053 2097 1118 2156 ani·

213 2191 289 2243 mua,
314 2172 617 2252 opprimerenturque
644 2177 771 2254 quidam
799 2179 916 2239 onerati
944 2179 1042 2257 magis
1070 2177 1118 2238 his

212 2271 304 2329 quam
323 2252 406 2312 tecti.
449 2251 492 2312 Et
516 2265 581 2314 erat
606 2256 639 2315 in
664 2266 751 2319 tanta
776 2259 908 2338 caligine
929 2260 1025 2339 major
1046 2279 1117 2319 usus

160 2335 199 2398 25
213 2333 334 2391 aurium
363 2352 454 2412 quam
483 2334 650 2396 oculorum.
706 2338 759 2398 Ad
793 2341 924 2420 gemitus
952 2340 1117 2402 vulnerum

213 2412 350 2504 iptusque
371 2433 531 2492 corporum
551 2426 607 2477 aut
628 2439 782 2480 armorum
804 2431 834 2482 et
855 2422 968 2482 mixtos
984 2431 1118 2501 strepen-

211 2502 289 2552 tium
318 2495 556 2574 paventiumque
592 2498 739 2561 clamores
775 2501 1030 2563 circumferebant
1062 2521 1117 2562 ora

212 2572 381 2653 oculosque.
424 2573 491 2634 Alii
516 2577 666 2656 fugientes
689 2583 895 2660 pugnantium
914 2583 1005 2663 globo
1027 2582 1117 2643 inlati

211 2652 395 2726 haerebant;
430 2655 505 2716 alios
540 2659 700 2721 redeuutes
727 2663 759 2722 in
787 2684 923 2744 pugnam
957 2663 1117 2725 avertebat

157 2738 197 2800 30
210 2732 393 2826 fugientium
412 2755 540 2828 agmen.
597 2739 727 2815 Deinde,
757 2743 810 2803 ubi
837 2746 870 2804 in
898 2745 996 2805 omnis
1020 2744 1116 2822 partis

210 2833 394 2894 nequiquam
411 2827 541 2895 impetus
557 2822 649 2898 capti,
665 2832 695 2883 et
715 2823 754 2884 ab
776 2824 923 2885 lateribus
944 2836 1060 2884 montes
1079 2843 1116 2885 ac

209 2893 337 2989 lacuna
358 2896 457 2957 fronte
479 2907 509 2958 et
530 2899 569 2959 ab
589 2910 677 2981 tergo
695 2902 828 2966 hostium
850 2905 928 2966 acies
943 2904 1115 2978 claudebat,

208 2985 413 3055 apparuitque
435 2978 554 3060 nullam
577 2981 635 3042 nisi
657 2984 689 3042 in
712 2985 840 3054 dextera
854 2985 993 3064 ferroque
1007 2985 1116 3046 salutis

207 3075 291 3134 spem
306 3077 377 3129 esse,
389 3067 454 3117 tum
470 3058 528 3118 sibi
544 3061 672 3140 quisque
683 3063 748 3124 dux
762 3065 1003 3144 adhortatorque
1015 3066 1116 3126 factus

155 3137 193 3198 35
207 3136 247 3195 ad
263 3156 326 3196 rem
340 3138 515 3214 gerendam,
531 3151 561 3200 et
581 3161 662 3203 nov-a
682 3145 721 3204 de
742 3146 860 3226 integro
881 3155 988 3207 exorta
1009 3166 1116 3226 pugna

207 3224 260 3308 est,
276 3237 336 3308 pon
362 3216 417 3276 illa
440 3218 582 3280 ordinata
605 3242 668 3300 per⁴
681 3225 835 3306 principes
857 3227 1054 3306 hastatosque
1077 3247 1115 3287 ac

206 3303 336 3368 triarios,
353 3316 407 3356 nec
423 3306 457 3357 ut
471 3318 526 3375 pro
542 3300 636 3378 siguis
649 3305 852 3383 antesignani,
868 3308 1037 3387 postsigna
1051 3307 1115 3376 alia

205 3385 356 3466 pugnaret
370 3376 458 3450 acies,
468 3397 523 3437 nec
536 3390 569 3438 ut
580 3381 612 3438 in
623 3401 680 3442 sua
689 3383 808 3463 legione
820 3387 906 3448 miles
920 3397 975 3450 aut
989 3388 1115 3450 cohorte

204 3465 262 3518 aut
274 3455 431 3534 manipulo
445 3468 539 3531 esset;
554 3459 615 3520 fors
629 3463 844 3543 conglobabat,
859 3478 890 3528 et
904 3468 1028 3530 animus
1039 3487 1115 3532 sutis
