2568 3782
180 203 244 266 144
346 220 437 266 rrrr
463 220 558 268 n1v1
588 220 643 266 AB
668 220 784 268 vana
814 178 1008 266 counrna

231 376 389 438 nuntiata:
412 377 443 436 in
458 377 565 438 Sicilia
579 376 727 437 militibus
741 377 859 455 aliquot
873 376 1000 454 spicula,
1017 378 1049 438 in
1066 377 1135 439 Sar-

231 458 317 517 dinia
338 467 438 517 autern
454 458 486 516 in
501 478 587 517 muro
603 458 803 517 circumeunti
817 457 939 536 vigilias
961 459 1060 536 equiti
1080 460 1136 519 sci-

229 539 361 632 pionem,
374 558 462 616 quem
478 558 569 597 manu
585 546 733 608 tenuerat,
745 538 860 610 arsisse,
869 547 899 597 et
913 537 1004 598 litora
1020 539 1137 599 crebris

139 691 140 694 Ἴ
231 618 353 698 rgnibus
381 617 507 689 fulsisse,
533 628 563 678 et
586 627 673 678 scuta
695 617 757 678 duo
781 619 929 696 sanguine
949 618 1082 692 sudasse,
1103 629 1136 680 et

198 699 343 778 5milites
370 698 515 776 quosdam
545 698 619 758 ictos
646 697 836 770 fulminibus,
866 708 896 758 et
929 699 1000 758 solis
1028 700 1136 760 orbem

231 780 328 839 minui
353 779 460 850 visum,
486 787 516 838 et
544 778 705 838 Praeneste
734 779 874 841 ardentes
903 779 1020 858 lapides
1048 781 1136 840 caelo

231 860 382 932 cecidisse,
397 868 427 918 et
442 859 535 936 Arpis
556 879 678 937 parmas
693 859 724 917 in
740 859 824 919 caelo
839 860 919 920 visas
933 869 1136 938 pugnantem-

231 962 290 1022 que
304 961 372 1000 oum
388 939 461 998 luna
475 938 577 1012 solem,
592 949 622 998 et
637 938 778 1018 Capenae
796 940 872 1000 duas
893 939 1027 1000 interdiu
1044 941 1136 1001 lunas

230 1036 321 1095 ortas,
346 1029 376 1081 et
399 1039 494 1098 aquas
518 1019 658 1079 Caeretes
685 1021 833 1098 sanguine
858 1021 970 1080 mixtas
999 1020 1135 1094 fluxisse,

179 1117 218 1179 10
231 1102 404 1180 fontemque
418 1101 515 1179 ipsum
532 1099 676 1160 Herculis
692 1101 824 1160 cruentis
839 1121 975 1161 manasse
993 1121 1135 1180 sparsum

232 1182 368 1255 maculis,
383 1190 413 1241 et
427 1182 458 1240 in
473 1180 596 1240 Antiati
611 1181 794 1242 metentibus
810 1193 948 1242 cruentas
963 1182 994 1240 in
1011 1181 1134 1242 corbem

229 1265 328 1343 spicas
343 1262 493 1336 cecidisse,
508 1272 538 1322 et
553 1261 682 1323 Faleriis
698 1263 816 1342 caelum
831 1262 906 1322 findi
921 1262 1007 1323 velut
1022 1283 1136 1340 magno

231 1345 318 1405 hiatu
334 1345 440 1415 visum,
456 1363 575 1422 quaque
591 1344 724 1422 patuerit
739 1343 846 1421 ingens
861 1343 963 1401 lumen
978 1342 1135 1414 effulsisse,

230 1435 323 1486 sortes
343 1444 398 1484 sua
418 1434 525 1501 sponte
546 1424 735 1496 adtenuatae,
752 1443 904 1502 unamque
924 1423 1073 1483 excidisse
1089 1423 1136 1482 ita

178 1519 216 1580 15
230 1507 375 1584 scriptam
397 1503 566 1580 “Mavors
586 1523 700 1566 manvu
721 1522 811 1565 svvu
831 1502 1019 1575 couevnru,”
1035 1512 1066 1563 et
1080 1523 1136 1581 per

231 1587 310 1646 idem
336 1595 454 1664 tempus
479 1585 594 1646 Romae
620 1586 740 1664 signum
767 1584 876 1644 Martis
897 1583 1003 1663 Appia
1024 1584 1076 1643 via
1096 1603 1136 1642 ac

230 1667 392 1727 simulacra
407 1666 548 1744 luporum
572 1666 702 1737 sudasse,
718 1675 748 1725 et
762 1663 884 1744 Capuae
905 1663 1034 1741 speeiem
1057 1662 1137 1723 caeli

230 1747 364 1807 ardentis
376 1747 467 1806 fuisse
479 1746 628 1825 lunaeque
641 1747 720 1806 inter
731 1745 858 1804 imbrem
870 1744 1013 1804 cadentia.
1056 1743 1138 1803 Inde

230 1826 397 1887 minoribus
412 1827 503 1886 etiam
520 1827 604 1886 dictu
621 1827 766 1906 prodigiis
788 1825 861 1884 fides
882 1824 1004 1884 habita:
1027 1843 1136 1902 capras

178 1921 216 1983 20
231 1909 349 1968 lanatas
378 1907 559 1986 quibusdam
590 1909 695 1980 factas,
721 1918 751 1967 et
778 1905 927 1984 gallinam
952 1904 985 1963 in
1009 1924 1136 1978 marem,

230 1989 347 2068 gallum
369 1989 401 2047 in
422 1989 565 2048 feminam
592 2009 655 2049 sese
676 1988 809 2049 vertisse.
855 1985 922 2056 His,
944 1983 1023 2044 siout
1047 1994 1137 2044 erant

230 2071 382 2141 nuntiata,
406 2069 559 2148 expositis,
585 2069 818 2146 auctoribusque
843 2065 875 2124 in
900 2065 1015 2125 curiam
1042 2065 1138 2123 intro-

231 2151 342 2224 ductiS,
355 2151 459 2211 consul
478 2151 515 2210 de
534 2151 679 2230 religione
701 2158 801 2227 patres
823 2145 982 2206 consuluit.
1025 2144 1139 2204 Decre-

231 2243 306 2305 tum,
322 2244 355 2291 ut
370 2253 405 2292 ea
419 2231 560 2311 prodigia
577 2231 688 2310 partim
705 2227 870 2308 majoribus
891 2225 1005 2297 hostiis,
1020 2225 1138 2303 partim

159 2323 217 2383 ·25
232 2314 414 2374 lactentibus
437 2321 682 2393 procurarentur,
701 2320 731 2370 et
752 2308 797 2368 uti
817 2306 999 2385 supplicatio
1015 2325 1070 2383 per
1083 2304 1139 2365 tri-

233 2397 328 2457 duum
349 2397 389 2456 ad
410 2396 513 2457 omnia
535 2393 712 2474 pulvinaria
734 2388 912 2457 haberetur;
934 2395 1043 2456 cetera,
1066 2404 1138 2443 curn

232 2477 396 2541 decemviri
412 2477 504 2536 libros
521 2474 730 2550 inspexissent,
750 2479 784 2529 ut
798 2469 841 2527 ita
856 2467 969 2536 fierent,
985 2485 1076 2543 quern
1095 2464 1140 2524 ad

227 2555 352 2614 modum
373 2553 456 2612 cordi
484 2572 545 2611 esse
573 2551 651 2610 divis
680 2570 695 2608 c
722 2547 906 2607 carminibus
933 2545 1140 2623 profanentur.

229 2635 479 2695 Decemvirorum
506 2630 624 2691 monitu
651 2629 805 2688 decretum
834 2635 886 2699 est,
907 2625 981 2686 Jovi
1002 2625 1142 2705 primum

179 2715 218 2776 30
233 2713 345 2772 donum
370 2711 486 2772 fulmen
515 2731 642 2771 aureum
669 2709 770 2788 pondo
795 2706 1017 2785 quinquaginta
1041 2705 1139 2780 fieret,

232 2793 349 2854 Junoni
374 2792 592 2870 Minervaeque
617 2812 654 2851 ex
681 2796 807 2869 argento
828 2786 909 2845 dona
929 2787 1085 2858 darentur,
1106 2798 1140 2848 et

232 2873 349 2934 Junoni
384 2873 506 2951 reginae
539 2873 572 2930 in
601 2871 758 2932 Aventino
788 2866 964 2944 Junonique
998 2865 1140 2944 Sospitae

233 2954 367 3018 Lanuvii
382 2953 546 3032 majoribus
559 2953 665 3012 hostiis
679 2949 908 3020 sacrificaretur,
920 2953 1140 3024 matronaeque

233 3036 363 3112 pecunia
384 3034 515 3104 conlata,
537 3041 686 3110 quantum
712 3030 847 3106 conferre
873 3027 982 3104 cuique
1008 3046 1140 3086 commo-

181 3115 219 3174 35
234 3115 306 3172 dum
323 3123 405 3186 esset,
421 3114 533 3172 donum
549 3112 665 3173 ,lunoni
681 3111 803 3188 reginae
825 3110 855 3166 in
875 3106 1064 3167 Aventinum
1081 3108 1140 3166 fer-

234 3203 309 3265 rent,
325 3193 602 3269 lectisterniumque
617 3191 711 3261 fieret,
727 3199 756 3248 et
773 3200 806 3247 ut
821 3188 982 3247 libertinae
998 3199 1027 3244 et
1043 3187 1139 3264 ipsae,

235 3273 315 3331 unde
337 3273 484 3330 Feroniae
505 3271 617 3330 donum
641 3269 773 3340 daretur,
789 3268 948 3346 pecuniam
969 3287 1023 3344 pro
1041 3267 1140 3326 facul-

235 3350 349 3410 tatibus
370 3351 430 3408 suis
452 3349 630 3409 conferrent.
673 3347 761 3407 Haeo
782 3346 836 3406 ubi
856 3347 946 3416 facta,
970 3345 1140 3407 decemviri

214 3493 217 3496 ,
235 3429 357 3489 Ardeae
370 3430 403 3488 in
417 3427 481 3488 foro
495 3428 660 3507 majoribus
677 3427 782 3486 hostiis
803 3426 1029 3504 sacrificarunt,
1064 3423 1140 3486 Pos-
