2562 3788
372 239 506 286 arana
532 239 646 305 xx11,
675 224 804 288 54-55.
1026 223 1089 290 19⁷

125 418 161 458 se
187 403 277 472 certe,
298 396 324 457 si
349 416 410 457 non
434 396 536 470 armis,
557 396 597 457 ab
617 396 703 458 hoste
726 396 912 460 videbantur
936 398 1038 460 defen·

127 499 203 539 sun.

172 559 305 618 Romam
320 577 359 618 ne
373 558 427 618 has
442 557 565 636 quidem
584 557 729 636 reliquias
749 579 902 637 superesse
923 560 1038 620 civium

130 639 351 716 sociorumque,
367 638 417 698 sed
433 637 589 698 occidione
604 640 735 698 occisum
751 659 821 699 cum
836 638 955 700 duobus
969 661 1039 700 cou-

130 717 251 779 sulibus
271 719 441 778 exercitum
461 716 636 798 deletasque
655 738 757 779 omues
776 719 878 798 copias
899 720 1038 781 adlatum
1073 721 1092 782 5

131 799 244 858 fuerat.
286 796 463 878 Numquam
474 799 561 858 salva
573 799 648 859 urbe
658 808 778 860 tantum
790 800 912 878 pavoris
927 801 1039 861 tumul·

132 889 244 959 tusque
264 879 345 940 intra
366 879 486 939 moenia
507 879 647 939 Romana
667 878 736 940 fuit.
778 878 887 958 Itaque
903 901 1040 942 succum·

133 959 206 1019 bam
222 959 315 1032 oneri,
325 979 422 1038 neque
437 959 600 1038 adgrediar
610 979 736 1019 narrare
747 980 824 1038 quae
835 960 1039 1022 edissertando

134 1041 255 1099 minora
269 1060 342 1100 vero
355 1039 476 1100 faciam.
518 1038 650 1100 Consule
665 1043 862 1120 exercituque
876 1041 915 1101 ad
931 1041 1039 1102 Trasu-

134 1140 280 1179 mennum
302 1120 402 1198 priore
423 1139 503 1180 anuo
524 1121 642 1193 amisso,
657 1140 718 1180 nou
732 1120 844 1181 vulnus
864 1142 955 1200 super
971 1122 1094 1185 vul-10

134 1221 202 1271 nna,
224 1200 276 1260 sed
301 1199 466 1278 multiplex
492 1199 603 1275 clades,
629 1221 698 1260 cum
722 1200 840 1261 duobus
865 1201 1040 1264 consulibus

134 1281 198 1341 duo
223 1280 396 1340 consulares
425 1281 576 1341 exercitus
604 1281 706 1342 amissi
731 1280 962 1357 nuntiabantur,
983 1304 1039 1344 uec

135 1361 203 1422 ulla
213 1361 278 1441 jam
293 1370 393 1421 castra
406 1360 547 1421 Romana
561 1382 616 1422 nec
631 1362 739 1422 ducem
751 1382 806 1422 nec
817 1363 947 1424 militem
962 1385 1040 1438 esse;

134 1441 326 1502 Hannibalis
339 1441 499 1520 Apuliam,
516 1441 686 1516 Samnium,
702 1463 738 1502 ac
755 1442 820 1522 jam
836 1464 930 1523 prope
943 1453 1039 1506 totam

135 1521 263 1584 Italiam
274 1521 397 1582 factam.
441 1521 538 1582 Nulla
549 1523 683 1602 profecto
698 1523 760 1583 alia
774 1544 847 1602 gens
861 1533 947 1585 tanta
962 1526 1040 1586 mole
1056 1524 1094 1588 15

135 1602 233 1664 cladis
248 1623 309 1662 non
324 1602 434 1664 obruta
448 1613 532 1663 esset.
574 1603 738 1683 Compares
752 1605 872 1665 cladem
885 1605 925 1664 ad
940 1604 1040 1684 Aega·

136 1685 175 1744 tis
190 1683 304 1743 insulas
319 1682 617 1764 Carthaginiensium
628 1685 744 1763 proelio
754 1685 860 1746 navali
873 1695 1040 1765 acceptam,

137 1780 198 1840 qua
225 1760 315 1820 fracti
342 1760 447 1822 Sicilia
474 1783 509 1823 ac
532 1763 673 1824 Sardinia
695 1783 805 1823 cessere
833 1769 859 1822 et
887 1763 1043 1842 vectigalis

137 1860 172 1899 ac
197 1840 406 1920 stipendiarios
426 1841 492 1901 fieri
513 1862 543 1902 se
564 1841 642 1920 passi
662 1851 741 1914 sunt,
763 1850 817 1902 aut
837 1862 971 1922 pugnam
992 1843 1043 1904 ad·

137 1939 257 1980 versam
272 1919 304 1978 in
318 1918 437 1992 Africa,
453 1919 503 1979 cui
520 1928 624 1999 postea
644 1919 695 1979 bic
716 1919 780 1998 ipse
800 1918 961 1979 Hannibal
976 1941 1040 1981 suc·
1056 1921 1096 1983 20

138 1999 262 2060 cubuit:
284 1999 371 2059 nulla
392 2021 430 2059 ex
451 2009 538 2079 parte
559 2000 772 2080 conparandae
785 2009 872 2074 sunt,
886 2000 945 2062 uisi
959 2001 1041 2080 quod

138 2081 256 2141 minore
267 2080 370 2158 auimo
385 2080 466 2140 latae
480 2089 560 2141 sunt.

178 2160 249 2222 LV.
291 2161 325 2220 P.
338 2160 451 2221 Furius
465 2161 574 2222 Philus
589 2169 619 2222 et
633 2161 676 2222 M.
688 2160 875 2240 Pomponius
888 2169 1040 2241 praetores

138 2252 279 2302 senatum
294 2242 326 2300 in
341 2243 457 2302 curiam
472 2241 638 2302 Hostiliam
649 2250 844 2316 vocaverunt,
857 2252 891 2303 ut
905 2242 943 2302 de
956 2243 1041 2304 urbis

138 2322 277 2382 custodia
292 2322 499 2394 consulerent3
520 2323 711 2401 nequeenim
726 2323 919 2397 dubitabant,
933 2323 1041 2384 deletis
1056 2323 1094 2385 25

138 2403 333 2476 exercitibuS,
348 2403 464 2476 hostem
485 2402 525 2461 ad
547 2403 784 2482 oppugnandam
803 2403 944 2476 Romam,
959 2404 1041 2483 quod

139 2504 235 2545 unum
257 2504 332 2563 opus
352 2483 427 2544 belli
448 2491 582 2557 restaret,
597 2492 769 2546 venturum.
812 2483 890 2544 Cum
904 2484 937 2544 iu
951 2485 1040 2546 malis

139 2564 231 2644 sicuti
255 2565 438 2643 ingentibus,
459 2564 504 2625 ita
528 2564 648 2643 ignotis,
669 2583 708 2623 ue
733 2564 893 2625 consilium
917 2565 1041 2644 quidem

138 2646 211 2705 satis
226 2645 413 2724 expedirent,
423 2643 667 2724 obstreperetque
681 2643 796 2706 clamor
805 2646 1041 2706 lamentantium

139 2725 312 2798 mulierum,
334 2734 373 2797 et,
395 2725 531 2784 nondum
552 2724 655 2804 palam
676 2724 767 2798 facto,
782 2725 847 2787 vivi
869 2727 1041 2806 mortuique
1055 2726 1094 2788 30

139 2826 193 2884 per
215 2825 318 2866 omnes
338 2825 434 2884 paene
456 2805 560 2865 domos
583 2805 754 2884 promiscue
779 2806 1040 2886 conplorareutur,

139 2891 204 2945 tu'm
221 2886 260 2961 Q.
277 2884 391 2946 Fabius
414 2885 571 2946 Maximus
592 2886 709 2946 censuit
730 2887 863 2965 ‘equites
883 2887 1041 2966 expeditos

139 2976 169 3026 et
189 2967 296 3044 Appia
320 2974 350 3026 et
374 2965 488 3026 Latina
508 2965 560 3027 via
581 2965 753 3038 mittendos,
775 2966 827 3047 qui
849 2966 954 3028 obvios
975 2988 1041 3046 per·

138 3046 313 3124 cunctando
326 3045 458 3125 (aliquos
469 3046 604 3124 profecto
619 3066 657 3106 ex
671 3046 746 3125 fuga
760 3047 869 3126 passim
881 3047 1041 3126 dissipatos

138 3126 217 3203 fore)
243 3127 385 3198 referant,
411 3146 488 3205 quae
510 3126 634 3186 fortuna
657 3128 814 3186 consulum
840 3137 932 3206 atque
957 3135 1040 3187 exer·
1055 3127 1094 3188 35

138 3207 256 3267 cituum
270 3207 318 3279 sit,
333 3216 371 3280 et,
386 3206 499 3287 siquid
514 3206 556 3266 dii
572 3206 758 3280 inmortales,
773 3207 900 3268 nn'seriti
921 3207 1039 3285 imperi,

137 3287 291 3368 reliquum
316 3287 449 3348 Romani
473 3287 611 3364 nominis
628 3287 765 3361 fecerint,
786 3287 840 3347 ubi
861 3308 914 3348 eae
934 3288 1039 3365 copiae

136 3369 216 3440 sint;
238 3387 343 3446 quoae
357 3367 517 3426 Hannibal
532 3375 600 3445 post
613 3366 763 3447 proelium
779 3366 951 3437 contulerit,
966 3365 1040 3444 qu'id

136 3455 234 3530 paret,
257 3447 332 3530 qnid
353 3455 426 3526 a'ga't
447 3454 630 3532 acturusque
650 3447 699 3508 sit.
741 3446 830 3528 Haec
851 3444 1040 3524 exploranda
