2568 3782
407 271 540 318 arasa
566 269 660 336 xxr,
688 252 818 319 36-37.
1048 257 1111 320 115

152 427 340 501 Hannibali,
366 447 443 507 quae
472 447 517 487 res
545 435 715 488 moraretur
742 447 860 507 agmen,
888 429 1058 503 nuntiatur,

152 530 261 588 rupem
278 509 394 569 inviam
409 529 479 568 esse.
522 507 681 587 Digressus
700 507 810 568 deinde
825 509 887 589 ipse
902 509 940 568 ad
957 509 1059 570 locum

153 581 459 728 visendumffaut
473 587 567 649 dubia
578 608 623 648 res
634 589 709 662 vise,
720 589 794 666 quin
810 609 864 668 per
877 589 962 650 invia
979 589 1060 650 circa

153 691 209 730 nec
225 671 301 730 trita
315 691 334 729 a
357 679 414 740 tea,
426 669 566 748 quamvis
578 668 668 747 longo
677 669 806 740 ambitu,
818 669 1059 731 circumduceret

154 771 273 830 agmen.
316 750 364 810 Ea
386 769 462 810 vero
480 749 532 808 via
556 748 770 828 insuperabilis
794 749 873 821 fuit;
895 769 966 809 nam
988 770 1058 810 eum
1094 752 1113 812 6

153 851 244 907 super
259 842 390 892 veterem
406 829 513 890 nivem'
530 829 677 888 intactam
699 849 779 890 nova
800 829 936 889 modicae
956 831 1060 891 altitu·

153 911 236 971 dinis
256 922 341 983 esset,
364 909 450 970 molli
477 929 532 969 nec
558 908 713 989 praealtae
736 909 826 970 facile
848 909 938 988 pedes
963 911 1060 990 ingre·

153 992 305 1052 dientium
326 989 524 1065 insistebant3
548 1001 582 1049 nt
603 1009 674 1050 vero
700 997 745 1050 tot
767 989 926 1051 hominum
942 991 1060 1070 jumen-

154 1082 315 1150 torumque
337 1073 453 1131 incessu
475 1069 595 1148 dilapsa
617 1078 670 1144 est,
686 1090 740 1148 per
760 1071 875 1130 nudam
896 1071 978 1131 infra
998 1071 1061 1150 gla»

154 1153 230 1212 ciem
246 1153 451 1231 fluentemque
472 1150 575 1212 tabem
599 1149 792 1228 liquescentis
812 1151 892 1211 nivis
914 1150 1115 1230 ingredia-10

154 1232 276 1293 bantur.
319 1233 429 1292 Taetra
450 1231 493 1290 ibi
516 1231 646 1290 luctatio
668 1231 809 1303 eretria
830 1230 948 1312 lubrica
962 1231 1062 1311 glacie

154 1334 215 1373 non
231 1313 396 1392 recipiente
410 1312 571 1390 vestigium
587 1321 617 1371 et
634 1311 665 1369 in
681 1331 776 1390 prono
792 1311 882 1392 citius
897 1313 987 1391 pedes
1006 1311 1062 1372 fal-

154 1393 245 1466 lente,
268 1403 313 1466 ut,
333 1413 386 1462 seu
412 1394 552 1452 manibus
578 1391 611 1450 in
633 1390 830 1470 adsurgendo
855 1401 905 1452 s'eu
929 1412 1009 1470 genu
1031 1411 1063 1452 se

154 1475 351 1553 adjuvissent,
374 1473 446 1552 ipsis
467 1471 663 1553 adminiculis
688 1471 846 1551 prolapsis,
867 1471 978 1532 iterum
1000 1493 1063 1532 eor·

154 1564 293 1627 ruerent;
316 1573 371 1614 nec
396 1554 504 1642 stirpes
530 1554 612 1614 cirea
641 1553 806 1625 radicesue,
827 1551 867 1612 ad
889 1572 964 1631 quas
986 1552 1063 1632 pede
1078 1551 1117 1613 15

154 1647 208 1694 aut
231 1655 324 1696 manu
346 1636 506 1712 quisquam
528 1635 602 1702 eniti
625 1642 733 1714 posset,
756 1642 860 1706 erant;
883 1632 928 1693 ita
948 1634 980 1692 in
1002 1632 1063 1694 levi

154 1725 273 1776 tantum
286 1715 385 1794 glacie
395 1715 560 1794 tabidaque
570 1715 641 1776 nive
652 1713 881 1776 volutabantur.
916 1711 1064 1775 lumenta

153 1796 298 1864 secabant
313 1795 464 1854 interdum
477 1796 568 1854 etiam
581 1795 716 1856 infimam
732 1795 935 1872 ingredientia
951 1795 1063 1868 nivem,

154 1886 184 1936 et
208 1877 352 1954 prolapsa
371 1875 526 1954 jactandis
550 1876 675 1955 grauius
695 1877 729 1936 in
754 1875 915 1936 conitendo
941 1875 1127 1952 ungulis,‚,',

176 1958 276 2019 cuitus
311 1956 550 2034 perfringebant,
579 1964 613 2016 ut
651 1956 803 2036 pleraque,
835 1955 920 2018 velut
955 1951 1117 2035 pelicatu
1145 1952 1149 1962 ¹

154 2057 211 2114 cap
247 2084 253 2108 ,
276 2037 434 2096 haererent
454 2037 487 2094 in
508 2037 586 2096 dura
607 2045 637 2098 et
657 2038 718 2098 alte
741 2047 882 2098 concreta
903 2037 1008 2118 glacie.

170 2153 179 2177 ι,
196 2115 377 2178 XXXVII.
420 2115 557 2176 'landem
586 2119 771 2198 nequiquam
796 2121 943 2199 jumentis
972 2135 1064 2206 atque

155 2197 330 2256 hominibus
345 2197 488 2276 fatigatis,
504 2207 603 2258 castra
625 2202 657 2257 in
674 2202 750 2278 jugo
774 2203 881 2280 posita,
898 2207 1064 2284 aegerrime
1095 2273 1097 2278 ,

155 2275 196 2338 ad
217 2277 249 2336 id
271 2278 370 2355 ipsura
391 2278 457 2336 loco
478 2287 625 2358 purgato;
649 2289 769 2341 tantum
786 2284 866 2343 nivis
887 2285 1063 2348 fodiendum

155 2366 249 2436 atque
262 2357 445 2436 egerendum
459 2357 527 2419 fuit.
570 2358 647 2420 Inde
672 2361 712 2430 ad
733 2383 839 2442 rupem
857 2367 1063 2442 muniendam,
1079 2363 1118 2426 25

155 2458 211 2518 per
232 2459 324 2516 quam
338 2457 437 2498 unam
452 2439 504 2500 via
526 2459 586 2498 esse
609 2451 736 2520 poterat,
755 2445 866 2506 milites
885 2447 979 2521 ducti,
995 2469 1064 2508 cum

156 2517 345 2602 caedendum
367 2530 442 2578 esset
462 2539 581 2592 saxum,
605 2523 764 2584 arboribus
786 2526 867 2587 circa
890 2527 1064 2590 inmanibus

154 2599 281 2678 dejectis
309 2599 555 2690 detruncatisque
583 2612 697 2663 struem
728 2606 881 2684 ingentem
911 2609 1064 2688 lignorum

156 2679 285 2751 faciunt,
301 2699 436 2766 eamque,
450 2701 521 2740 oum
535 2691 565 2741 et
580 2683 626 2764 vis
643 2685 726 2745 venti
749 2697 823 2766 apta
841 2688 979 2749 iaciendo
999 2689 1063 2768 igni

157 2769 262 2820 coorta
296 2769 380 2833 esset,
407 2779 504 2820 suceer
540 2771 604 2836 unt,
636 2765 834 2846 ardentiaque
862 2789 937 2844 saxa
964 2771 1064 2831 infuso
1079 2767 1118 2832 30

157 2849 244 2900 aceto
296 2840 500 2920 utretbeiunt.³
530 2841 761 2920 statonicem
790 2850 930 2910 incendio
958 2870 1065 2930 rupem

157 2919 238 2980 i'erro
251 2861 408 2998 diffidunt,
430 2922 491 2981 mol
506 2923 635 3004 iuntque
656 2927 844 2988 anfractibus
865 2930 992 2990 modicis
1012 2931 1065 2990 cli-

158 3021 221 3072 vos,
237 3009 271 3062 ut
291 3021 352 3060 non
369 3001 510 3080 jumenta
532 3004 639 3078 solum,
654 3007 704 3066 sed
728 3007 881 3087 elephanti
902 3012 994 3070 etiam
1016 3012 1065 3071 dc·
1141 3071 1143 3078 ,

157 3079 230 3142 duci
250 3082 411 3182 possentqsst
423 3083 640 3159 Quadriduum
661 3087 748 3148 ¹circa
772 3110 878 3167 rupem
907 3111 1064 3170 consump-

157 3170 233 3234 tum,
257 3157 405 3240 jumentis
434 3183 527 3243 prope
557 3165 637 3226 farne
665 3167 850 3247 absumptis;
872 3171 956 3230 nuda
983 3172 1063 3232 enim
1079 3169 1118 3233 35

156 3242 219 3301 fere
242 3243 403 3303 cacumina
424 3254 504 3314 sunt,
520 3256 550 3306 et
574 3246 599 3304 si
625 3247 699 3326 quid
725 3257 768 3309 est
793 3249 909 3328 pabuli,
930 3250 1065 3311 obruunt

156 3323 251 3383 nivea.
293 3321 442 3386 Inferiore
470 3324 566 3385 valles
594 3327 765 3406 apricosque
799 3330 944 3407 quosdam
973 3329 1065 3390 colles

156 3401 281 3476 babent,
299 3404 439 3482 rivosque
460 3425 553 3482 prope
574 3405 676 3476 silvas,
691 3418 721 3465 et
738 3409 803 3484 jam
825 3409 958 3469 humano
978 3408 1064 3468 cultu

156 3483 302 3564 digniora
327 3483 403 3545 loca.
447 3483 496 3542 Ibi
518 3485 659 3562 jumenta
684 3485 715 3543 in
739 3485 887 3564 pabulum
912 3486 1011 3559 missa,
1033 3495 1064 3548 et
