2568 3782
1 3340 2 3404 l

1 3425 3 3478 l

967 49 1138 94 l,1‘,s‘

907 155 917 174 ’
991 123 1147 257 fam)

78 203 89 216 a
172 185 206 213 ’1

63 192 146 334 {sl
164 213 290 351 QQZL
334 257 425 306 τιτι
451 259 548 308 n1v1
574 259 630 306 AB
654 259 771 307 vans
799 257 992 308 corium

217 415 331 496 legatio
350 413 452 478 verbis
475 415 577 478 adhuc
601 415 699 477 lenior
719 367 827 490 estf‘rb
846 410 990 496 §sperica
1031 413 1124 476 Tunc

217 498 299 558 enim
327 495 488 558 Hannibal
512 506 544 558 et
565 495 802 558 insimulabatur
829 506 860 558 et
882 495 1102 576 deposcebatur
1114 515 1122 568 ;

218 597 301 637 nunc
321 575 360 636 ab
381 576 469 669 nobis
490 585 520 638 et
541 577 686 637 confessio
700 576 809 654 culpae
822 577 1016 656 exprimitur,
1031 567 1125 676 etlut

219 677 239 717 a
263 657 413 730 confessis,
439 678 485 718 res
512 656 667 735 extemplo
691 665 878 735 repetuntur.
921 655 989 736 Ego
1017 665 1122 717 autem

186 743 290 810 bnon,
315 737 453 816 ‘privato
479 736 641 816 publicone
665 736 792 797 consilio
814 649 985 815 Sagdntum
1006 757 1125 828 oppug·
1217 766 1223 770 -

218 826 326 878 nutum
350 816 408 889 sit,'
452 817 638 876 naerendum
661 836 808 890 censeam,
829 817 882 876 sed
909 822 1029 877 ‘utrum
1050 836 1124 897 Jure

219 917 259 957 an
284 837 562 1036 injuria;'{nostra
585 897 667 956 enim
691 897 768 962 hacc
789 897 925 977 quaestio
944 906 1037 976 atque
1057 896 1123 957 ani·

220 977 390 1039 madversio
418 976 429 1036 i
479 978 576 1038 civem
604 986 742 1038 nostrum
767 987 820 1051 est,
841 976 916 1057 quid
940 987 1043 1038 nostro
1066 985 1124 1038 aut

219 1078 274 1118 suo
298 1056 572 1130 fecerit,arbitrio;
593 1057 752 1118 vobiscum
776 1064 839 1118 una
862 1058 1043 1137 disceptatio
1066 1066 1122 1132 est,

167 1143 207 1205 10
220 1137 380 1198 licueritne
394 1145 449 1216 per
462 1137 568 1198 foedus
582 1138 672 1279 ficri?
698 1137 809 1217 Itaque
827 1139 971 1218 quoniam
990 1136 1122 1198 discerni

220 1217 330 1298 placet,
342 1217 416 1297 quid
430 1217 554 1299 publico
568 1219 651 1279 cousi
666 1219 704 1292 io,
715 1219 790 1298 quid
804 1240 859 1279 sua
872 1230 979 1299 sponte
993 1220 1122 1298 impera-

220 1307 299 1359 tores
320 1298 444 1372 faciant,
458 1299 545 1360 nobis
558 1299 716 1361 vobiscum
736 1299 842 1360 foedus
855 1309 900 1361 est
912 1320 932 1361 a
946 1299 979 1360 Ο.
994 1299 1121 1360 Lutatio

218 1377 343 1440 consule
370 1379 475 1452 ictum,
495 1379 527 1438 in
552 1400 613 1458 quo
640 1401 709 1440 cum
737 1389 896 1441 caveretur
924 1389 1122 1458 utrorumque

219 1459 317 1532 sociis,
331 1459 409 1519 nihil
423 1459 462 1519 dc
474 1457 815 1538 Saguntinis‘firecdum
836 1461 917 1520 enim
939 1469 1028 1522 erant
1047 1460 1120 1520 socii

168 1544 207 1605 15
220 1540 329 1619 vestri)
351 1547 476 1601 cautum
497 1549 549 1600 est.
592 1539 654 1600 ‘At
668 1542 749 1601 enirn
763 1559 798 1601 eo
813 1540 942 1614 foedere,
957 1541 1122 1621 quodcum

220 1618 419 1691 Hasdrubale
438 1619 533 1681 ictum
555 1629 609 1694 est,
623 1620 787 1700 Saguntini
800 1621 1015 1700 excipiuntur!
1038 1620 1122 1693 lAd·

221 1721 325 1763 versus
360 1699 420 1762 uod
435 1721 490 1780 ego
503 1701 581 1760 nibil
596 1701 735 1762 dicturus
748 1683 897 1798 suminisi
911 1701 993 1781 quod
1006 1700 1123 1763 avobis

220 1780 334 1842 didici:
361 1799 415 1844 vos
441 1781 522 1842 enim
550 1781 632 1860 quod
656 1782 690 1844 O.
717 1783 863 1843 Lutatius
890 1782 995 1844 consul
1022 1781 1123 1862 primo

220 1861 378 1924 nobiscum
394 1861 498 1922 foedus
512 1861 576 1934 icit,
592 1862 664 1941 quia
684 1883 782 1942 noque
802 1863 985 1924 auctoritate
998 1873 1123 1943 patrum

168 1947 208 2010 20
221 1961 278 2004 nec
298 1942 405 2022 populi
421 1942 507 2022 jussu
529 1941 624 2004 ictum
645 1952 720 2016 erat,
735 1943 867 2022 negastis
887 1963 940 2006 vos
961 1964 996 2004 eo
1016 1943 1122 2016 teneri,

221 2024 326 2104 itaque
340 2022 426 2084 aliud
440 2022 479 2083 de
493 2023 611 2102 integro
625 2023 731 2084 foedus
745 2024 868 2103 publico
883 2023 1007 2086 consilio
1026 2024 1122 2084 ictum

222 2112 275 2164 est
316 2101 349 2164 Si
370 2121 424 2166 vos
445 2123 507 2162 non
528 2112 632 2164 tenent
652 2104 775 2164 foedera
794 2114 895 2167 vestra
915 2104 975 2164 nisi
995 2123 1033 2163 ex
1055 2123 1125 2164 auc·
1165 2107 1167 2110 ’

222 2182 346 2245 toritatc
360 2193 415 2244 aut
424 2183 511 2264 jussu
525 2193 625 2243 vestro
639 2183 711 2256 icta,
726 2181 764 2244 ne
778 2204 832 2244 nos
841 2185 970 2264 quidem
984 2183 1125 2244 Hasdru·

182 2325 197 2334 ,,
210 2263 302 2328 ,halis
322 2264 437 2338 foedus,
452 2264 533 2344 quod
554 2262 641 2324 nobis
662 2263 763 2325 insciis
783 2264 846 2337 icit,
862 2265 998 2344 obligare
1014 2265 1124 2344 potuit.

170 2338 224 2410 25?
224 2343 358 2404 Proinde
383 2346 515 2405 omittite
537 2343 668 2424 Sagunti
691 2353 785 2426 atque
806 2344 917 2406 Hiberi
941 2345 1125 2406 mentionem

223 2419 377 2530 'facerenct
391 2425 472 2506 quod
486 2424 540 2486 diu
553 2426 687 2506 parturit
706 2427 826 2489 animus
840 2435 939 2489 vester
958 2425 1125 2506 aliquando

245 2514 332 2566 arrat.

222 2526 244 2586 p
264 2583 344 2646 Tum
395 2605 530 2660 emanue,
545 2586 613 2648 sinu
634 2608 674 2648 ex
694 2595 766 2668 toga
786 2587 877 2661 facto,
898 2585 1003 2651 “bic'’
1024 2585 1126 2666 iuquit

225 2665 339 2728 “vobis
364 2665 481 2728 bellum
505 2677 536 2727 et
560 2688 666 2747 pacem
690 2677 865 2748 portamus;
886 2677 990 2732 utrum
1016 2667 1126 2747 placet,

172 2745 361 2812 30sumite.’'
413 2747 477 2808 Sub
504 2748 585 2808 banc
612 2769 718 2809 vocem
746 2749 822 2808 haut
849 2749 949 2810 minus
977 2749 1126 2821 ferociter,

226 2828 332 2888 ‘daret
350 2835 455 2887 utrum
470 2827 583 2899 vallet,'
605 2827 829 2889 subclamatum
851 2837 903 2889 est.
946 2827 989 2889 Et
1011 2849 1081 2890 cum
1101 2827 1127 2888 is

226 2909 346 2980 iterum,
360 2908 429 2968 sinu
443 2909 545 2980 effuso,
561 2908 677 2968 bellum
697 2908 770 2968 dare
790 2908 925 2981 dixisset,
941 2910 1080 2988 accipere
1095 2928 1127 2968 se
1228 2965 1232 2974 ,

226 3008 328 3048 omues
354 2988 584 3075 responderunt,
606 2997 644 3060 et,
669 2987 779 3068 quibus
803 2990 981 3070 acciperent
1007 2987 1126 3062 animis,

226 3068 322 3128 isdem
342 3089 380 3130 so
393 3077 536 3148 gesturos.
574 3116 581 3125 .
630 3067 636 3072 ”

174 3151 212 3213 35
267 3147 362 3210 ΧΙΧ,
405 3149 492 3208 Haec
514 3148 635 3208 derecta
656 3149 866 3228 percunctatio
882 3149 919 3224 uc
934 3147 1127 3210 denuntiatio

227 3229 299 3290 belli
314 3228 410 3307 magis
425 3249 463 3288 ex
478 3228 627 3306 dignitate
641 3228 747 3308 populi
760 3229 891 3290 Romani
903 3231 969 3290 visa
979 3240 1024 3290 est
1035 3249 1127 3308 quam

226 3310 264 3369 de
286 3309 439 3369 foederum
456 3309 527 3387 jure
547 3307 648 3369 verbis
669 3309 850 3388 disceptare,
869 3331 938 3368 cum
959 3319 1038 3381 ante,
1060 3321 1127 3370 tum

227 3389 361 3450 maxime
380 3388 515 3466 Sagunto
537 3389 648 3449 excisa.
690 3387 770 3448 Nam
792 3391 817 3448 si
832 3389 994 3450 verborum
1014 3391 1136 3467 discep,

227 3469 352 3532 tationis
365 3487 412 3530 res
429 3477 512 3540 esset,
527 3467 602 3546 quid
623 3467 727 3530 foedus
749 3467 953 3532 Hasdrubalis
976 3476 1044 3530 ou'm
1066 3469 1127 3530 'Lu-

1082 3669 1143 3767 Α.
1174 3695 1177 3702 ·
