2562 3788
144 195 210 262 000
312 213 404 260 'r1r1
430 212 528 260 n1v1
554 213 611 259 aa
636 213 752 261 vasa
781 213 972 260 cornrra

194 389 305 431 nomen
329 369 369 430 ad
392 369 506 429 milites
530 389 569 429 ex
594 369 726 430 formula
748 369 939 448 accipiendos
960 371 1101 432 mittunt
1139 421 1141 426 .

195 451 304 524 Arma,
324 449 395 522 tela,
417 449 479 508 alia
503 449 608 530 parari
627 449 739 528 jubent
759 460 789 509 et
804 458 907 509 vetera
927 449 1027 526 spolia
1048 451 1102 510 ho-

195 532 288 592 stium
316 529 480 590 detrahunt
508 529 630 608 templis
657 530 892 608 porticibusque.
934 529 978 590 Et
1005 531 1104 590 aliam

196 611 326 672 formam
347 609 418 670 novi
441 608 569 670 dilectus
591 611 695 688 inopia
717 609 882 670 liberorum
904 611 1042 690 capitum
1064 631 1101 672 sc

64 720 68 729 ¹
163 691 357 753 bnecessitas
377 689 479 761 dedit;
501 698 568 750 octo
591 690 676 749 milia
691 691 842 770 juvenum
864 690 1041 753 validorum
1063 711 1103 764 ex

196 772 329 835 servitiis
342 771 425 850 prius
439 770 626 831 sciscitantes
640 769 782 849 singulos,
792 769 947 832 vellentne
958 773 1104 846 militare,

197 862 301 934 empta
328 851 451 931 publice
478 860 684 912 armaverunt.
727 850 788 910 Hic
810 850 897 912 miles
918 853 1016 930 magis
1039 853 1104 932 pla·

198 934 271 1073 quit,
296 952 367 993 cum
391 931 489 1012 pretio
512 931 631 991 minore
653 930 823 991 redimendi
852 933 990 1012 captivos
1014 933 1106 1014 copia

220 1022 291 1074 eret.

146 1095 185 1156 10
239 1092 362 1155 LVIII.
405 1091 546 1171 Namque
569 1091 730 1152 Hannibal
755 1092 923 1153 secundum
948 1101 1012 1154 tam
1036 1114 1107 1174 pro·

198 1193 317 1253 speram
334 1173 373 1233 ad
389 1171 510 1234 Cannas
525 1193 660 1252 pugnam
676 1174 799 1234 victoris
820 1175 918 1252 magis
932 1194 1022 1252 quam
1044 1174 1106 1234 bel·
1181 1206 1184 1209 ·
1278 1181 1279 1256 j

199 1254 265 1314 lum
286 1253 416 1333 gerentis
437 1254 573 1314 intentus
592 1254 682 1326 curis,
701 1275 780 1326 cum,
795 1255 926 1334 captivis
947 1255 1108 1334 productis

198 1335 433 1414 segregatisque,
443 1334 547 1406 socios,
558 1333 639 1394 sicut
653 1343 724 1393 ante
737 1335 775 1394 ad
792 1335 933 1395 Trebiam
945 1335 1108 1396 Trasume-

199 1435 334 1494 numque
354 1414 466 1486 lacum,
482 1413 612 1494 benigne
633 1413 792 1474 adlocutus
812 1416 878 1474 sine
898 1416 995 1494 pretio
1016 1415 1108 1476 dimi·

147 1496 186 1559 15
199 1496 295 1568 sisset,
310 1495 464 1555 Romanos
477 1515 597 1574 quoque
607 1504 739 1567 vocatos,
750 1495 831 1573 quod
844 1503 1013 1574 numquam
1027 1496 1109 1558 alias

200 1585 300 1648 antea,
318 1576 391 1635 satis
411 1573 480 1635 miti
499 1595 636 1635 sermone
657 1575 851 1654 adloquitur:
873 1580 951 1636 ‘non
972 1577 1107 1637 interne·
1131 1633 1134 1638 ,

201 1657 303 1717 ci‘vum
323 1654 382 1714 sibi
404 1675 466 1714 esse
487 1675 557 1715 cum
578 1655 726 1716 Romanis
746 1655 880 1728 bellum;
901 1656 940 1716 de
953 1656 1109 1736 dignitate

200 1747 293 1816 atque
312 1735 440 1814 imperio
461 1745 585 1796 certare.
628 1736 672 1796 Et
692 1745 793 1815 patres
814 1737 924 1798 virtuti
945 1736 1109 1799 Romanae

201 1816 322 1878 cessisse
334 1824 364 1876 et
378 1836 410 1876 se
424 1815 456 1875 id
471 1815 579 1889 adniti,
595 1825 629 1875 ut
643 1837 715 1876 suae
729 1817 762 1875 in
776 1816 876 1877 vicem
897 1817 987 1878 simul
1009 1817 1108 1878 felici-

147 1900 187 1960 20
200 1898 258 1958 tati
273 1906 304 1958 et
316 1896 426 1957 virtuti
440 1896 574 1956 cedatur.
617 1896 727 1976 Itaque
743 1897 914 1958 redimendi
927 1918 959 1958 se
972 1899 1109 1976 captivis

201 1977 321 2056 copiam
342 1976 461 2048 facerc;
482 1977 615 2056 pretium
630 1977 694 2037 fore
708 1978 740 2036 in
755 1977 858 2056 capita
872 1978 966 2057 equiti
979 1979 1109 2058 quinge-

201 2079 255 2117 nos
276 2057 473 2136 quadrigatos
494 2077 642 2130 nummos,
658 2066 794 2118 trecenos
809 2059 916 2137 pediti,
931 2079 1017 2120 servo
1038 2071 1109 2119 cen·

204 2138 306 2198 tenos!
357 2135 553 2216 Quamquam
583 2138 775 2217 aliquantum
804 2138 997 2198 adiciebatur
1022 2140 1109 2218 equi·

201 2218 283 2279 tibus
297 2217 337 2278 ad
351 2218 384 2277 id
397 2219 539 2297 pretium,
552 2239 613 2297 quo
627 2219 806 2298 pepigerant
819 2217 962 2280 dedentes
975 2238 1016 2292 se,
1031 2219 1108 2282 laeti

148 2303 188 2362 25
202 2308 305 2360 tamen
320 2295 546 2377 quamcumque
560 2299 768 2359 condicionem
788 2299 962 2379 paciscendi
982 2319 1109 2380 accepe-

202 2388 283 2439 runt.
326 2379 448 2441 Placuit
472 2379 617 2458 suffragio
641 2380 776 2459 ipsorum
800 2379 905 2440 decem
925 2380 1030 2458 deligi,
1052 2381 1108 2462 qui

203 2461 333 2521 Romam
361 2460 400 2519 ad
428 2469 567 2520 senatum
596 2460 684 2532 irent,
709 2480 766 2520 nec
789 2460 901 2540 pignus
925 2461 1012 2522 aliud
1032 2461 1109 2523 fidei

202 2561 295 2620 quam
319 2547 354 2600 ut
376 2540 518 2618 jurarent
544 2561 576 2600 se
603 2541 754 2601 redituros
782 2550 949 2620 acceptum.
991 2541 1109 2604 Missus

203 2640 273 2681 cum
301 2621 348 2680 his
376 2619 533 2695 Carthalo,
557 2619 669 2681 nobilis
697 2621 968 2700 Carthaginiensis,
990 2624 1053 2702 qui,
1073 2624 1108 2684 'si

148 2704 188 2767 30
203 2702 280 2762 forte
293 2701 333 2761 ad
347 2721 453 2780 pacem
468 2701 632 2762 inclinaret
646 2702 774 2776 animus,
789 2702 981 2763 condiciones
1002 2704 1107 2765 ferret.

202 2781 280 2842 Cum
302 2783 411 2860 egressi
432 2782 538 2842 castris
559 2791 665 2854 essent,
681 2803 758 2842 unus
779 2803 819 2842 ex
839 2784 886 2854 iis,
901 2784 1027 2844 minime
1046 2785 1108 2844 Ro·

202 2863 287 2922 mani
298 2863 401 2942 ingeni
412 2862 511 2934 homo,
522 2862 618 2923 veluti
629 2863 748 2941 aliquid
760 2862 882 2936 obiitne,
889 2864 969 2943 juris
977 2864 1109 2944 jurandi

202 2943 340 3003 solvendi
362 2961 453 3002 causa
474 2961 544 3002 cum
564 2943 597 3001 in
619 2953 719 3002 castra
739 2943 873 3016 redisset,
893 2953 964 3004 ante
985 2955 1108 3006 noctem

203 3023 327 3084 comites
354 3022 540 3101 adsequitur.
581 3022 646 3084 Ubi
671 3023 802 3082 Romam
827 3025 932 3085 venire
955 3045 1005 3085 eos
1029 3045 1111 3096 nun<

148 3107 188 3166 35
203 3105 313 3164 tiatum
328 3113 380 3174 est,
396 3101 577 3164 Carthaloni
593 3104 715 3165 obviam
736 3104 826 3163 lictor
845 3106 961 3178 missua,
975 3106 1030 3185 qui
1045 3107 1108 3168 dic·

201 3183 307 3242 tatoris
332 3180 430 3242 verbis
454 3183 619 3257 nuntiaret,
641 3192 677 3244 ut
703 3193 774 3243 ante
801 3195 921 3246 noctem
945 3187 1109 3249 excederet

201 3261 312 3320 finibus
333 3260 488 3321 Romanis.
524 3288 527 3292 ·

242 3338 331 3398 LIX.
373 3339 497 3417 Legatis
522 3343 713 3420 captivorum
730 3353 862 3405 ¹senatus
890 3345 930 3405 ab
954 3346 1108 3408 dictatore

201 3417 291 3477 datus
310 3424 363 3490 est,
377 3437 506 3496 quorum
526 3423 666 3502 princeps
686 3423 729 3484 M.
751 3424 865 3486 lunius
887 3429 1015 3506 “patres
1037 3449 1108 3490 con·
