2568 3782
189 235 253 300 140
360 221 451 298 n1n1
477 251 573 299 nrvr
599 251 654 297 AB
679 251 797 331 vana
826 252 1019 300 counraa

241 417 343 470 autem
374 408 528 487 lapidibus
562 407 711 488 pluvisset
737 408 770 468 in
799 408 921 482 Picena
949 410 1149 471 novemdiale

241 511 361 550 sacrum
382 490 526 562 edictum,
541 499 570 548 et
591 489 720 548 subinde
740 489 810 548 aliis
831 491 1031 568 procurandis
1055 511 1150 569 prope

241 579 307 631 tota
321 571 429 631 civitas
440 578 565 648 operata
575 570 643 629 fuit.
685 569 707 629 J
709 591 758 628 arn
774 569 906 648 primum
922 572 1060 630 omnium
1075 571 1150 631 urbs

242 650 373 710 lustrata
397 659 450 722 est,
472 650 647 728 hostiaeque
671 651 800 729 majores
825 650 934 729 quibus
959 651 1078 710 editum
1105 659 1150 711 est

209 729 300 790 5diis
324 751 437 803 caesae,
458 739 488 789 et
513 729 626 790 donum
653 751 692 790 ex
721 731 788 790 auri
816 729 916 809 pondo
941 731 1151 810 quadraginta

243 811 419 872 Lanuvium
440 809 558 872 Junoni
579 819 734 889 portatum
755 819 808 883 est,
827 820 857 870 et
876 811 997 892 signum
1019 831 1150 871 aeneum

243 901 399 951 matronae
420 890 538 952 «Iunoni
552 891 583 950 in
596 890 754 951 Aventino
775 890 1002 964 dedicaverunt,
1019 902 1051 952 et
1065 891 1150 952 leoti-

242 972 389 1032 sternium
404 971 507 1044 Caere,
525 971 578 1030 ubi
592 981 686 1031 sortes
708 971 892 1032 adtenuatae
906 980 1002 1044 erant,
1017 973 1150 1052 impera-

242 1061 318 1125 tum,
329 1061 360 1112 et
373 1051 557 1131 supplicatio
573 1051 728 1112 Fortunae
743 1052 774 1111 in
789 1051 921 1131 Algido;
945 1052 1063 1112 Romae
1078 1073 1150 1132 quo-

190 1131 302 1211 loque
329 1141 359 1192 et
386 1131 606 1192 lectisternium
635 1141 666 1192 et
699 1131 883 1211 supplicatio
913 1133 1073 1211 juventuti
1109 1132 1151 1192 ad

242 1213 347 1273 aedem
369 1212 513 1272 Herculis
534 1213 725 1286 nominatim,
740 1213 849 1272 deinde
870 1214 1011 1274 universo
1033 1214 1150 1292 populo

243 1294 324 1354 circa
352 1293 454 1354 omnia
483 1292 659 1372 pulvinaria
686 1293 811 1365 indicta,
833 1302 864 1353 et
891 1293 991 1354 Genio
1019 1295 1150 1373 majores

243 1372 359 1434 hostiae
374 1393 478 1433 caesae
491 1372 636 1452 quinque,
646 1383 676 1433 et
686 1372 720 1434 O.
733 1373 850 1434 Atilius
864 1373 1011 1434 Serranus
1026 1383 1151 1453 praetor

243 1465 315 1516 vota
329 1455 480 1532 suscipere
490 1455 600 1533 jussus,
614 1455 640 1514 si
660 1455 692 1513 in
715 1454 819 1514 decem
840 1475 934 1515 annos
957 1475 1003 1514 ros
1023 1454 1152 1534 publica

190 1533 229 1595 15
243 1535 348 1595 eodem
371 1534 501 1595 stetisset
523 1543 614 1595 statu.
656 1533 745 1594 Haeo
769 1544 933 1613 procurata
953 1543 1086 1613 votaque
1110 1555 1151 1595 ex

243 1614 329 1676 libris
343 1614 503 1695 Sibyllinis
518 1635 630 1694 magna
644 1635 683 1675 ex
698 1624 786 1695 parte
799 1614 978 1677 levaverant
1000 1616 1151 1696 religione

243 1715 366 1756 ammos.

283 1775 410 1837 LXIII.
452 1775 619 1836 Consulum
634 1776 860 1856 designatorum
875 1776 953 1837 altor
964 1776 1150 1852 Flaminius,

244 1857 294 1917 cui
315 1877 368 1916 eae
388 1856 520 1936 legiones
541 1877 619 1935 quae
640 1857 817 1916 Placentiae
841 1857 1046 1918 hibernabant
1070 1868 1152 1918 sorte

191 1937 230 1998 20
245 1946 417 2010 evenerant,
433 1937 566 1996 edictum
589 1947 619 1997 et
641 1937 758 1997 litteras
780 1937 820 1996 ad
838 1938 992 1998 consulem
1008 1939 1099 2011 misit,
1115 1949 1151 2000 ut

244 2018 269 2076 is
285 2017 434 2076 exercitus
455 2017 556 2076 idibus
577 2017 689 2077 Martis
703 2017 838 2080 Arimini
854 2018 971 2078 adesset
984 2015 1018 2077 in
1032 2021 1149 2080 castris.

245 2097 361 2156 Hicin
383 2097 543 2176 provincia
567 2097 759 2158 consulatum
787 2098 865 2158 inire
893 2099 1054 2158 consilium
1083 2109 1150 2160 erat

244 2178 370 2237 memori
385 2187 521 2247 veterum
537 2178 737 2238 certaminum
754 2199 823 2238 cum
838 2179 986 2257 patribus,
1002 2201 1082 2258 quae
1097 2182 1149 2242 tri-

245 2257 343 2318 bunus
358 2257 455 2336 plebis
469 2267 499 2317 et
513 2277 591 2338 quae
604 2268 708 2336 postea
719 2259 823 2319 consul
836 2260 919 2338 prius
930 2261 967 2320 de
977 2262 1150 2335 consulatu,

191 2337 231 2398 25
245 2339 298 2417 qui
319 2338 535 2417 abrogabatur,
548 2339 620 2411 dein
635 2338 673 2398 de
688 2339 844 2418 triumpho
858 2341 1017 2413 habuerat,
1032 2341 1150 2404 invisus

244 2421 337 2480 etiam
349 2419 496 2498 'patribus
517 2419 556 2480 ob
576 2440 688 2481 novam
708 2419 816 2499 legem,
832 2441 923 2499 quam
941 2422 980 2498 Q,
999 2421 1150 2484 Claudius

244 2499 385 2560 tribunus
410 2501 515 2580 plebis,
541 2502 668 2562 adverso
692 2511 799 2561 senatu
824 2511 916 2580 atque
938 2523 1000 2564 uno
1023 2512 1149 2582 patrum

245 2581 411 2661 adjuvante
425 2581 457 2642 O.
474 2581 639 2655 Flaminio,
650 2581 773 2655 tulerat,
785 2603 823 2642 ne
837 2583 905 2661 quis
919 2592 1048 2656 senator,
1061 2585 1151 2647 cuive

245 2673 366 2722 senator
387 2672 473 2741 pater
493 2662 608 2735 fuisset,
629 2663 815 2722 maritimam
837 2684 956 2736 navem,
979 2685 1058 2743 quae
1078 2665 1149 2746 plus

192 2743 232 2804 30
246 2764 338 2822 quam
359 2752 562 2803 trecentarum
584 2743 802 2822 amphorarum
824 2753 908 2817 esset,
930 2744 1066 2806 haberet.
1110 2744 1149 2806 Id

244 2825 317 2885 satIs
331 2823 471 2883 habitum
486 2824 526 2884 ad
541 2824 659 2884 fructus
669 2844 708 2882 ex
720 2824 801 2903 agris
811 2825 990 2898 vectandos;
1005 2836 1149 2905 quaestus

245 2905 342 2965 omnis
366 2904 504 2984 patribus
528 2904 688 2964 indecorus
708 2905 798 2965 visus.
841 2905 902 2966 Res
924 2927 977 2984 per
996 2927 1148 2966 summam

245 2987 468 3045 contentionem
484 2994 553 3044 acta
567 2984 717 3046 invidiam
731 2994 806 3062 aput
820 2985 1013 3046 nobilitatem
1031 2987 1148 3048 suasori

245 3065 319 3143 legis
334 3065 497 3136 Flaminio,
507 3065 640 3124 favorem
654 3077 729 3143 aput
740 3065 858 3142 plebem
874 3067 1065 3144 alterumque
1076 3068 1148 3128 inde

192 3145 230 3204 35
245 3146 434 3204 consulatum
453 3145 577 3222 peperit.
620 3144 669 3204 Ob
690 3145 765 3204 haec
787 3153 871 3205 ratus
891 3147 1034 3225 auspiciis
1048 3167 1147 3208 emen-

244 3225 355 3282 tiendis
377 3224 619 3302 Latinarumque
632 3225 777 3284 feriarum
794 3246 878 3284 mora
891 3235 922 3286 et
937 3227 1147 3288 consularibus

245 3303 313 3362 aliis
342 3303 555 3380 inpedimentis
585 3313 753 3363 retenturos
777 3325 808 3363 se
831 3305 865 3363 in
892 3307 978 3379 urbe,
1000 3308 1147 3369 simulato

245 3381 361 3453 itinere,
377 3382 514 3458 privatus
536 3382 615 3440 olam
638 3383 670 3441 in
691 3383 881 3461 provinciam
903 3387 988 3446 abiit.
1031 3386 1081 3448 Ea
1100 3409 1147 3449 res

244 3460 298 3520 ubi
310 3460 415 3540 palam
429 3460 511 3521 facta
525 3470 578 3535 est,
594 3481 706 3525 novam
720 3463 844 3543 insuper
858 3465 937 3527 iram
951 3466 1069 3529 infestis
1079 3468 1147 3550 jam
