2520 3784
415 258 548 306 arnan
574 259 598 324 r,
627 242 757 307 55-56.
1043 241 1085 310 'lb

128 422 244 476 motem
270 412 407 474 Termini
430 415 530 476 sedem
555 435 710 494 unumque
732 435 802 476 cum
824 413 949 475 deorum
970 433 1031 475 non

128 504 291 555 evocatum
302 494 429 554 sacratis
437 495 494 556 sibi
506 496 617 556 finibus
627 497 715 556 firma
725 494 908 572 stabiliaque
923 505 1033 556 cuncta
1068 519 1071 526 ·

128 573 319 654 portendere.
362 573 432 634 Hoc
453 576 664 654 perpetuitatis
686 575 821 655 auspicio
842 583 975 652 accepto,
990 595 1032 636 se

129 664 237 714 cutum
254 654 340 713 aliud
356 655 597 733 magnitudinem
619 655 737 734 imperii
760 654 943 733 portendens
965 677 1031 736 pro·

129 735 248 812 digium
263 745 325 794 est:
347 745 439 813 caput
452 736 619 796 humanum
636 735 755 814 integra
773 735 852 795 facie
872 736 1032 815 aperienti·
1067 738 1086 798 5

129 813 186 875 bus
201 815 404 876 fundamenta
418 816 525 956 templi
539 815 653 876 dicitur
674 816 861 894 apparuisse,
875 836 953 895 quae
968 816 1034 878 visa

129 895 243 974 species
265 895 341 956 haut
361 915 484 975 peram
507 917 577 975 ages
598 916 697 956 arcem
713 917 779 956 eam
796 897 915 975 imperii
929 905 1032 976 caput

129 996 189 1054 que
203 996 307 1035 rerum
321 976 385 1036 fore
400 976 616 1056 portendebat;
631 977 724 1054 idque
739 977 783 1037 ita
795 978 928 1038 cecinere
939 986 1032 1050 vates,

129 1057 245 1134 quique
270 1055 301 1114 in
325 1055 401 1116 urbe
421 1066 509 1117 erant
529 1076 663 1135 quosque
684 1057 724 1118 ad
745 1077 811 1117 eam
834 1077 896 1117 rem
918 1057 1033 1118 consul·

129 1135 258 1197 tendam
284 1157 323 1196 ex
348 1136 475 1197 Etruria
496 1137 678 1197 acciverant.
720 1136 903 1216 Augebatur
925 1137 964 1197 ad
990 1139 1033 1198 in·
1048 1139 1087 1200 10

129 1237 239 1298 pensas
264 1217 343 1295 regis
367 1218 503 1289 animun
525 1217 629 1296 itaque
653 1217 835 1297 Pomptinae
860 1218 1032 1292 manubiae,

130 1317 211 1375 quae
231 1297 423 1375 perducendo
443 1297 483 1356 ad
505 1297 625 1358 culmen
648 1299 730 1377 operi
752 1298 922 1359 destinatae
936 1307 1031 1370 erant,

129 1378 186 1438 vix
201 1377 234 1436 in
250 1377 450 1437 fundamenta
464 1379 705 1458 suppeditavere.
747 1379 794 1440 Eo
809 1379 906 1458 magis
924 1378 1031 1451 Fabio,

129 1467 344 1537 praeterquam
360 1458 442 1536 quod
461 1460 616 1538 antiquior
630 1469 682 1532 est,
699 1459 889 1532 crediderim,
904 1459 1033 1538 quadra·

125 1539 218 1617 ginta
233 1558 270 1598 ea
287 1537 352 1597 sola
373 1538 488 1601 talenta
508 1540 608 1613 fuisse,
624 1561 716 1620 quam
738 1540 849 1612 Pisoni,
865 1541 917 1620 qui
940 1538 1087 1618 quad-16

128 1618 256 1697 raginta
280 1619 367 1678 milia
392 1620 492 1698 pondo
521 1622 639 1700 argenti
668 1621 796 1701 seposita
821 1621 852 1680 in
878 1640 945 1680 eam
969 1639 1032 1680 rem

128 1699 247 1773 scribit,
261 1721 411 1761 summam
427 1701 572 1780 pecuniae
586 1721 683 1779 neque
697 1721 736 1760 ex
751 1701 840 1760 unius
862 1710 926 1761 tum
949 1699 1033 1760 urbis

128 1781 247 1862 praeda
281 1782 462 1860 sperandam
494 1791 524 1842 et
557 1781 673 1842 nullius
701 1801 739 1841 ne
766 1780 873 1842 horum
910 1779 1034 1860 quidem

132 1861 409 1941 [magnificentiae]
425 1883 550 1942 operum
572 1861 772 1922 fundamenta
792 1881 852 1921 uon
874 1881 1033 1940 exsupera
1048 1939 1087 2002 20

130 1953 243 2003 turam.

172 2023 259 2084 LVI.
301 2022 442 2085 Intentus
456 2023 639 2104 perficiendo
653 2021 776 2102 templo,
791 2021 885 2082 fabris
900 2020 1034 2100 undique

130 2124 171 2164 ex
187 2104 315 2166 Etruria
336 2106 449 2178 accitis,
465 2126 524 2165 nou
546 2104 678 2184 pecunia
696 2103 793 2164 solum
808 2103 846 2162 ad
862 2102 893 2161 id
909 2101 1034 2180 publica

130 2193 177 2244 est
194 2204 274 2258 usus,
289 2185 341 2244 sed
363 2187 461 2264 operis
482 2186 573 2246 etiam
595 2205 635 2245 ex
656 2182 752 2262 plebe.
795 2183 857 2260 Qui
873 2202 942 2241 cum
958 2182 1034 2243 haut

130 2285 246 2345 parvus
260 2275 290 2325 et
306 2265 369 2344 ipse
383 2266 511 2326 militiae
525 2266 689 2326 adderetur
702 2263 798 2335 labor,
813 2263 913 2324 minus
931 2271 1032 2324 tamen

152 2346 218 2406 lebs
231 2345 428 2424 gravabatur,
443 2367 474 2406 se
488 2347 605 2426 templa
619 2345 709 2405 dessm
725 2343 923 2422 exaedificare
939 2345 1033 2404 mani·
1048 2339 1088 2400 25

130 2365 188 2488 bus
202 2428 273 2500 suis,
283 2446 374 2505 quam
389 2435 548 2506 postquam
564 2427 647 2488 etad
663 2425 735 2498 alia,
745 2435 779 2484 ut
793 2423 891 2503 specie
906 2423 1033 2497 minora,

129 2507 174 2566 sic
196 2506 311 2567 laboris
333 2507 492 2586 aliquanto
515 2509 646 2586 majoris
671 2503 911 2566 traducebantur
932 2523 1033 2583 opera,

130 2586 211 2648 foros
234 2586 265 2646 iu
289 2588 368 2648 circo
393 2587 557 2660 faciendos
579 2589 775 2664 cloacamque
798 2584 975 2657 maximam,
990 2605 1033 2644 re·

130 2667 325 2746 ceptaouluru
340 2669 475 2728 omnium
490 2679 760 2747 purgamentorum
775 2665 867 2737 urbia,
881 2665 938 2724 sub
952 2673 1034 2726 terra

130 2749 299 2826 agendam
329 2748 439 2826 quibus
465 2748 582 2808 duobus
606 2746 747 2826 operibus
769 2747 824 2806 vix
852 2765 932 2806 nova
957 2745 1032 2806 haec
1047 2740 1087 2803 30

130 2829 357 2907 magnificentia
379 2829 541 2907 quicquam
565 2828 736 2906 adaequare
759 2826 868 2906 potuit.
910 2825 970 2886 His
990 2825 1032 2888 la·

129 2906 255 2969 boribus
277 2909 411 2969 exercita
433 2908 534 2987 plebe,
554 2909 627 2987 quia
649 2917 680 2967 et
701 2907 770 2966 urbi
794 2906 1031 2980 multitudinem,

128 2988 185 3049 ubi
199 3009 269 3049 usus
283 3010 345 3050 uon
359 2998 443 3061 esset,
457 2989 541 3048 oneri
556 2989 681 3048 rebatur
694 3008 764 3060 esse,
779 2996 809 3046 et
830 2987 944 3047 colonis
964 2987 1031 3048 mit·

127 3069 229 3129 tendis
250 3069 391 3148 occupari
412 3068 504 3128 latius
521 3069 640 3148 imperii
661 3068 733 3127 fines
747 3066 879 3140 volebat,
894 3067 1031 3145 Signiam

128 3149 320 3242 Circeiosque
335 3149 455 3209 colonos
474 3150 566 3222 misit,
581 3148 733 3228 praesidia
746 3147 816 3208 urbi
831 3148 937 3208 futura
952 3143 1085 3208 terrete
1167 3155 1170 3162 ’

127 3249 207 3289 marr
229 3250 274 3290 ue.
301 3267 304 3276 .

140 3322 144 3332 ’
168 3251 257 3371 Helles
271 3307 374 3390 agenti
387 3318 562 3388 portentum
575 3307 712 3370 terribile
725 3307 843 3368 visum:
865 3306 973 3384 anguis
992 3326 1031 3366 ex

123 3389 271 3454 columna
293 3389 395 3469 lignea
416 3389 536 3470 elapsus
558 3409 628 3457 eum
650 3396 795 3447 terrorem
814 3386 980 3464 fugamque
997 3383 1030 3442 in
