2520 3784
176 207 219 272 64
349 221 439 268 rrrr
466 179 643 270 arur-in
668 220 783 269 vana
811 219 1004 268 aarum

227 380 309 460 quod
324 399 428 438 murus
442 386 509 457 post
523 377 564 450 id,
580 377 748 456 pomerium
763 376 895 436 Romani
915 336 1133 456 appellarunt3

228 471 258 520 et
273 460 305 519 in
320 459 404 519 urbis
418 459 603 518 incremento
624 478 751 537 semper,
766 467 914 536 quantum
929 458 1050 518 moenia
1063 478 1134 536 pro·

228 560 347 600 cessura
362 549 457 612 erant,
473 549 593 599 tantum
615 539 739 599 termini
759 538 792 596 hi
814 538 979 598 consecrati
1000 541 1133 616 profete

228 620 349 680 bantur.
401 685 402 688 Ἴ
1077 669 1081 674 .

195 699 214 761 5
269 697 371 760 XLV.
414 698 517 758 Aucta
532 698 657 758 civitate
669 697 880 776 magnitudine
891 697 984 770 urbia
993 697 1134 758 formatis

229 780 368 842 omnibus
382 779 464 838 domi
478 787 509 838 et
523 777 562 838 ad
578 777 650 838 belli
666 787 696 838 et
710 778 749 838 ad
765 779 847 856 pacis
861 799 941 851 usus,
956 799 995 838 ne
1015 798 1134 856 semper

229 860 321 921 armis
342 879 412 938 opes
432 859 672 938 acquirerentur,
688 859 815 918 consilio
836 879 947 936 augere
969 858 1134 936 imperium

229 949 354 1001 conatus
365 949 417 1011 est,
427 939 516 998 simul
533 948 563 999 et
578 938 700 1016 aliquod
716 938 828 998 addere
839 938 908 997 urbi
923 938 1022 998 decus.
1058 937 1133 1000 Jam

229 1029 295 1081 tum
310 1030 375 1092 erat
389 1020 530 1079 inclitum
546 1019 666 1078 Dianae
681 1018 832 1098 Ephesiae
846 1019 960 1078 tanum.
1004 1017 1041 1077 Id
1054 1038 1134 1077 com·

178 1101 216 1163 10
230 1101 363 1160 maniter
386 1121 405 1159 a
430 1100 607 1160 civitatibus
628 1099 722 1158 Asiae
750 1098 865 1159 facturn
894 1098 976 1158 fama
1004 1097 1131 1158 ferebat.

229 1181 313 1241 Eum
338 1200 514 1240 eonsensum
539 1181 669 1258 deosque
692 1165 877 1239 consociatos
904 1179 1032 1239 laudare
1049 1179 1134 1238 ¹mire

230 1261 352 1322 Servius
375 1261 454 1320 inter
474 1281 611 1339 proceres
631 1259 821 1328 Latinorum,
837 1279 905 1319 cum
928 1259 1038 1338 quibus
1058 1257 1134 1338 pult

230 1341 288 1401 lice
308 1341 513 1420 privatimque
535 1340 667 1420 hospitia
689 1339 898 1419 amicitiasque
921 1340 959 1399 de
981 1339 1134 1399 industria

232 1423 387 1501 junxerat.
430 1421 525 1499 Saepe
550 1420 688 1481 iterando
713 1421 816 1480 eadem
842 1419 977 1499 perpulit
998 1419 1132 1492 tandem,

178 1502 217 1562 15
231 1511 266 1562 ut
279 1502 396 1562 Romae
410 1500 515 1562 fanum
531 1501 652 1561 Dianae
673 1501 778 1581 populi
800 1500 906 1561 Latini
927 1521 998 1560 curn
1020 1500 1134 1580 populo

232 1582 370 1642 Romano
393 1582 534 1642 facerent.
578 1582 625 1641 Ea
647 1591 712 1643 erat
735 1583 890 1654 confessio
913 1591 1006 1660 caput
1031 1600 1133 1640 rerum

232 1663 362 1722 Romam
377 1681 447 1734 esse,
462 1661 573 1741 dequo
588 1662 696 1722 totiens
711 1663 803 1722 armis
818 1671 968 1723 certatum
983 1663 1092 1723 fuerat.

272 1741 310 1802 Id
324 1760 509 1820 quamquam
528 1743 671 1803 omissum
688 1745 753 1822 jam
775 1764 814 1804 ex
835 1744 971 1804 omnium
986 1765 1060 1804 cura
1075 1745 1133 1805 La-

229 1823 365 1883 tinorum
387 1823 424 1882 ob
447 1844 509 1882 rem
531 1825 640 1883 totiens
661 1824 825 1884 infeliciter
844 1834 1025 1904 temptatam
1041 1827 1133 1886 armis

178 1905 218 1966 20
233 1903 401 1975 videbatur,
411 1904 464 1962 uni
479 1923 510 1963 se
524 1923 562 1963 ex
577 1903 698 1964 Sabinis
713 1905 775 1964 fors
790 1907 862 1966 dare
876 1907 943 1969 visa
954 1918 999 1968 est
1010 1909 1131 1987 privato

232 1983 357 2044 consilio
383 1983 503 2062 imperii
527 1985 735 2063 recuperandi.
779 1986 839 2047 Bos
861 1988 893 2047 in
917 1988 1038 2049 Sabinis
1060 1998 1134 2048 nata

232 2064 353 2123 cuidam
373 2065 453 2142 patri
470 2064 606 2124 familiae
627 2065 740 2126 dicitur
762 2068 902 2129 miranda
922 2069 1133 2147 magnitudine

231 2163 267 2203 ac
288 2144 403 2221 specie;
424 2144 487 2204 fixa
511 2165 564 2223 per
589 2147 700 2206 multas
725 2157 837 2208 aetates
858 2169 973 2208 cornua
994 2151 1026 2208 in
1046 2150 1133 2210 vesti-

232 2223 305 2283 bulo
325 2225 430 2302 templi
450 2224 570 2284 Dianae
592 2237 821 2288 monumentum
836 2229 863 2289 ei
878 2229 962 2289 fuere
976 2230 1133 2290 miraculo.

179 2305 218 2366 25
233 2303 360 2375 Habita,
382 2315 416 2364 ut
443 2313 518 2376 erat,
539 2325 585 2364 res
614 2307 746 2386 prodigii
768 2309 835 2369 loco
864 2319 917 2380 est,
943 2320 973 2370 et
999 2311 1133 2370 cecinere

233 2394 325 2456 vates,
340 2385 432 2464 cujus
452 2385 586 2445 civitatis
609 2407 675 2446 eam
700 2389 776 2450 civis
799 2389 919 2449 Dianae
941 2390 1133 2462 immolasset,

232 2464 276 2524 ibi
302 2465 366 2524 fore
394 2465 572 2543 imperium;
608 2467 700 2547 idque
728 2489 850 2530 carmen
879 2481 1060 2549 pervenerat
1094 2470 1134 2530 ad

232 2545 399 2605 antistitem
414 2545 478 2604 fani
494 2545 621 2607 Dianae.
666 2548 806 2623 Sabinae,
821 2561 856 2610 ut
871 2551 969 2630 prima
983 2559 1057 2630 apta
1071 2550 1133 2611 dies

232 2625 377 2686 sacrificio
393 2625 458 2686 visa
472 2635 525 2698 est,
542 2625 659 2701 bovem,
676 2629 805 2689 Romam
827 2641 936 2703 actam,
952 2631 1076 2691 deducit
1094 2631 1134 2691 ad

180 2706 218 2766 30
232 2706 339 2765 fanum
365 2705 484 2766 Dianae
508 2717 539 2767 et
563 2717 634 2768 ante
661 2729 747 2769 aram
775 2713 908 2771 statuit
934 2711 983 2771 Ibi
1009 2713 1134 2772 antistes

233 2787 398 2858 Romanus,
422 2807 491 2846 cum
515 2809 584 2847 eum
609 2790 789 2868 magnitudo
812 2792 955 2852 victimae
980 2791 1133 2852 celebrata

218 2867 315 2926 ¹fama
340 2867 489 2940 movisset,
510 2889 625 2928 memor
650 2870 793 2948 responsi,
816 2871 964 2932 Sabinum
987 2872 1030 2931 ita
1052 2873 1135 2932 adlo-

233 2948 353 3026 quitur:
377 2948 550 3025 “quidnam
572 2959 615 3021 tu,
637 2950 753 3028 hospes,
777 2953 913 3030 paras?''
936 2953 1044 3030 inquit,
1066 2954 1135 3011 “in-

234 3037 312 3087 ceste
332 3028 514 3087 sacrificium
531 3028 650 3089 Dianae
665 3029 786 3091 facere?
829 3031 913 3108 Quin
929 3042 962 3092 tu
977 3041 1049 3092 ante
1063 3034 1144 3093 vivo'

180 3107 218 3167 35
234 3108 424 3186 perfunderis
447 3108 594 3168 flumine?
616 3110 720 3170 infima
735 3112 817 3172 valle
832 3111 974 3190 praefluit
989 3112 1134 3177 Tiberis.”

233 3188 393 3266 Religione
415 3198 514 3248 tactus
538 3189 653 3267 hospes
669 3192 721 3268 qui
743 3193 854 3264 omnia,
876 3201 911 3253 ut
933 3193 1072 3270 prodigio
1093 3213 1135 3252 re

232 3269 394 3346 sponderet
418 3279 552 3340 eventus
575 3280 697 3348 cuperet
725 3272 781 3331 rite
802 3272 892 3344 facta,
914 3273 1070 3352 extemplo
1088 3272 1135 3332 da

233 3349 350 3408 scandit
361 3348 400 3407 ad
413 3347 546 3407 Tiberim
558 3369 564 3419 ;
577 3349 691 3408 interea
700 3350 860 3410 ¹Romanus
869 3353 1008 3413 immolat
1018 3353 1135 3412 Dianae

234 3427 351 3489 bovem.
394 3426 433 3486 Id
447 3429 524 3488 mire
535 3437 663 3506 gratum·
674 3430 737 3508 regi
753 3441 845 3510 atque
856 3432 978 3492 civitati
994 3433 1063 3494 fuir.
1093 3489 1099 3496 .
