2568 3782
352 698 607 780 [PERIOCHA
638 697 774 771 LIBRI
803 697 939 780 XXII]

202 1008 349 1068 [Heumann
369 1025 413 1070 per
433 1011 561 1056 continuas
584 1010 683 1068 vigilias
705 1010 730 1055 in
753 1010 883 1068 paludibus
906 1011 974 1055 oculo
996 1009 1086 1055 amisso
1106 1009 1145 1056 in'

171 1069 293 1115 Etruriam
310 1073 384 1126 venit,
401 1086 444 1132 per
459 1085 520 1132 quas
554 1072 638 1116 eludes
655 1072 792 1132 quadriduo
809 1076 833 1115 et
849 1071 926 1116 tribua
945 1071 1057 1116 noctibus
1080 1072 1136 1116 sine

170 1131 220 1175 ulla
236 1132 317 1191 requie
333 1133 380 1176 iter
395 1133 459 1177 fecit.
493 1133 518 1178 (l.
537 1086 673 1176 llaminins
691 1133 781 1186 consul,
794 1131 865 1176 homo
881 1133 1030 1186 temerarius,
1047 1137 1137 1176 contra

170 1192 280 1252 auspicia
295 1193 416 1252 proiectus
433 1193 510 1250 signis
528 1192 674 1237 militaribus
693 1192 792 1248 effossis,
804 1205 867 1252 quae
883 1193 935 1236 tolli
950 1205 998 1236 non
1011 1197 1133 1248 poterant,

170 1256 194 1296 et
205 1253 235 1296 ab
246 1266 307 1312 equo
318 1267 388 1313 quem
400 1255 571 1298 conscenderat
582 1267 625 1313 per
637 1257 711 1310 eaput
728 1253 863 1308 devolutus,
875 1252 972 1297 insidiis
988 1253 1019 1296 ab
1037 1253 1134 1297 Hanni-

169 1312 224 1356 bale
234 1313 411 1358 circumventus
423 1315 454 1359 ad
466 1314 676 1370 Thrasymennum
694 1315 773 1358 lacum
790 1327 844 1358 oum
861 1314 968 1358 exercitu
984 1327 1070 1358 caesus
1086 1317 1133 1359 est

170 1386 212 1417 sex
224 1373 299 1428 milia,
311 1388 373 1434 quae
383 1379 520 1434 eruperant,
533 1376 578 1420 tide
596 1375 626 1418 ab
640 1375 770 1419 Atherbale
788 1375 853 1428 data,
864 1375 967 1434 pertidia
983 1374 1134 1419 Hannibalis

170 1434 253 1478 vincta
264 1439 327 1479 sunt.
359 1449 412 1480 curn
424 1436 455 1480 ad
468 1437 579 1480 nuntium
591 1436 668 1480 eladis
687 1435 778 1479 Romae
790 1435 869 1479 luctus
881 1439 949 1489 esset,
963 1435 1025 1478 duae
1041 1440 1134 1479 matres

170 1507 200 1539 ex
216 1495 339 1554 insperato
356 1497 458 1556 receptis
475 1497 531 1541 filiis
548 1497 638 1554 gaudio
657 1503 766 1540 mortuae
783 1500 848 1540 sunt.
880 1495 910 1539 ob
922 1495 984 1540 hanc
995 1496 1089 1540 cladem
1100 1509 1134 1540 ex

171 1555 296 1611 Sibyllinis
314 1555 381 1600 libris
393 1571 435 1601 ver
451 1571 544 1602 sacrum
557 1561 646 1602 votum.
681 1571 735 1602 cum
752 1557 840 1601 deinde
857 1555 884 1609 Q,
900 1555 989 1615 Fabius
1007 1556 1135 1602 Maximus

145 1619 146 1622 ’
170 1616 274 1660 dictator
285 1617 400 1662 adversus
413 1617 574 1662 Hannibalem
591 1619 678 1662 missus
697 1618 773 1661 nollet
785 1617 901 1662 aciacum
913 1617 1089 1674 eoeoudigere,
1102 1631 1135 1662 ne

170 1681 254 1721 contra
271 1677 371 1722 ferocem
389 1683 424 1722 tot
436 1679 541 1723 victoriis
559 1679 652 1723 hostem
681 1678 771 1724 temtor
801 1678 909 1722 adversis
926 1678 1025 1738 proeliis
1042 1679 1156 1728 milites.

170 1749 267 1798 pugnae
281 1739 440 1784 committeret
451 1744 475 1784 et
486 1740 630 1800 opponendo
647 1753 672 1784 se
690 1742 785 1784 tantum
803 1743 905 1783 conatus
922 1738 1071 1782 Hannibalis
1087 1739 1134 1783 im·-

170 1797 271 1858 pediret,
292 1798 324 1842 M.
343 1799 464 1844 Minucius
484 1801 599 1857 magister
618 1801 734 1861 equitum,
752 1801 821 1845 ferox
841 1805 865 1844 et
884 1800 1033 1854 temerarius,
1051 1800 1135 1844 crimi-

170 1858 251 1903 nando
263 1859 404 1904 dictatorem
416 1865 539 1920 tamquam
551 1875 648 1918 segnem
660 1866 684 1906 et
696 1862 809 1906 timidum
822 1861 907 1915 effecit,
920 1865 947 1904 ut
962 1860 1049 1920 populi
1064 1861 1135 1905 iussu

171 1923 315 1978 aequaretur
326 1921 347 1964 ei
358 1935 412 1965 curn
424 1922 540 1966 dictatore
552 1923 680 1982 imperium
687 1938 693 1977 ;
712 1921 840 1983 divisoque
852 1922 959 1966 exercitu
975 1935 1030 1965 oum
1046 1921 1134 1981 iniquo

171 1979 222 2024 leco
238 1979 387 2025 conflixisset
403 1985 427 2026 et
443 1983 468 2026 in
486 1984 592 2027 maximo
609 1983 748 2028 discrimine
763 1983 870 2040 legiones
883 1983 935 2026 eius
946 1987 1035 2036 essent,
1047 1995 1134 2042 super·

171 2041 282 2084 veniente
299 2055 353 2087 oum
370 2043 477 2087 exercitu
493 2043 568 2086 Fabio
586 2044 694 2088 Maximo
712 2044 851 2089 discrimine
870 2044 985 2087 liberatus
1006 2047 1052 2087 est.
1085 2056 1135 2102 quc

171 2100 285 2146 beneficio
299 2102 375 2146 victus
388 2108 468 2147 castra
479 2117 532 2148 curn
544 2117 571 2148 eo
583 2105 664 2149 iunxit
677 2110 700 2149 et
712 2105 807 2165 patrem
819 2119 873 2149 eum
887 2105 1004 2148 salutavit
1020 2103 1136 2164 idemque

171 2161 249 2205 lacere
271 2161 359 2206 milites
381 2163 458 2208 iussit.
492 2163 615 2209 Hannibal
633 2170 730 2210 vastata
754 2166 888 2226 campania
911 2165 975 2210 inter
997 2164 1135 2210 Casilinum

171 2222 287 2281 oppidum
304 2228 328 2267 et
345 2223 484 2268 Calliculam
504 2231 609 2269 montem
628 2240 643 2270 a
662 2226 737 2270 Fabio
755 2227 836 2272 elusus
854 2227 982 2272 sarmentis
997 2225 1029 2270 ad
1042 2238 1137 2270 cornua

171 2281 243 2326 boum
260 2284 367 2340 alligatis
384 2289 407 2328 et
424 2285 527 2329 incensis
546 2287 695 2346 praesidium
715 2287 886 2342 Romanorum,
904 2289 970 2348 quod
990 2287 1136 2336 Calliculam

171 2342 299 2398 insidebat,
311 2343 407 2401 fugavit
415 2350 439 2388 et
447 2347 480 2390 sie
490 2353 653 2404 transgressus
666 2352 702 2392 est
714 2350 810 2394 saltum.
839 2350 950 2410 idemque
958 2349 1020 2394 Fabi
1029 2347 1136 2392 Maximi

172 2402 304 2458 dictatoris,
323 2419 376 2449 cum
393 2406 563 2466 circumposita
579 2412 665 2462 ureret,
679 2423 737 2467 agro
754 2411 871 2472 pepercit,
886 2415 912 2456 ut
925 2411 995 2454 illum
1007 2413 1057 2453 tom
1079 2424 1136 2454 uam

171 2463 319 2524 proditorem
330 2471 467 2526 suspectum
479 2469 575 2512 laceret.
606 2468 711 2514 Aemilio
724 2471 811 2516 deinde
824 2471 900 2516 Paulo
911 2475 936 2516 et
947 2471 1059 2516 Terentio
1096 2480 1136 2516 a'r-

172 2536 229 2568 rone
240 2526 378 2570 consulibus
391 2527 435 2586 [et]
449 2528 549 2573 ducibus
561 2543 614 2574 cum
627 2531 734 2576 maxima
750 2533 818 2576 clade
835 2533 951 2578 adversus
968 2532 1137 2578 Hannibalem

172 2596 204 2640 ad
224 2596 319 2642 Cannas
337 2604 472 2658 pugnatum
491 2604 528 2645 est
549 2615 666 2663 caesaque
689 2617 716 2648 ec
736 2605 828 2665 proelio
845 2605 1008 2658 Romanorum
1026 2609 1136 2652 xlvcum

172 2656 248 2727 Paulo
270 2660 367 2703 consule
389 2665 413 2704 et
433 2662 585 2707 senatoribus
605 2678 634 2708 xc
654 2669 679 2709 et
697 2666 864 2710 consularibus
882 2671 926 2711 aut
942 2668 1072 2727 praetoriis
1092 2670 1137 2712 aut

172 2718 288 2762 aediliciis
311 2733 369 2765 xxx.
401 2728 456 2781 post
477 2736 540 2783 quae
560 2738 614 2770 cum
637 2739 651 2770 a
674 2727 795 2771 nobilibus
817 2727 1011 2772 adulescentibus
1033 2737 1136 2789 propter

172 2778 363 2848 desperationem
379 2783 506 2828 consilium
523 2786 552 2830 de
569 2787 729 2846 relinquenda
747 2787 822 2832 Italia
839 2788 949 2844 iniretur,
963 2788 989 2833 P.
1007 2788 1137 2835 Cornelius

172 2838 251 2894 Scipio
264 2841 374 2886 tribunus
387 2843 498 2896 militum,
508 2845 550 2905 qui
563 2846 692 2892 Africanus
705 2852 790 2908 postea
801 2853 900 2893 vocatus
912 2853 955 2904 est,
966 2849 1050 2892 stricto
1062 2863 1137 2909 super

172 2899 254 2959 capita
264 2901 449 2948 deliberantium
461 2905 523 2950 terro
536 2906 635 2962 iuravit,
650 2921 675 2952 ae
686 2922 730 2968 pro
743 2908 812 2954 hoste
824 2909 962 2954 habiturum
980 2924 1042 2965 cum,
1054 2911 1097 2970 qni
1109 2911 1136 2956 in

172 2960 245 3004 verba
263 2975 306 3006 sua
323 2976 371 3006 non
389 2965 500 3021 iurasset,
521 2966 652 3028 effecitque,
674 2974 700 3014 ut
720 2983 802 3013 omnes
822 2983 870 3014 nen
891 2971 1000 3014 relictum
1023 2968 1054 3014 iri
1076 2985 1092 3018 a
1111 2985 1137 3016 se

173 3020 271 3088 [ζῴη]
291 3023 342 3067 iure
363 3023 464 3069 iurando
488 3028 705 3085 adstringerentur.
739 3034 838 3089 propter
859 3032 1007 3090 paucitatem
1029 3032 1137 3078 militurn

171 3095 215 3138 viii
236 3107 360 3140 serrorum
381 3101 475 3142 armata
495 3104 559 3144 sunt.
592 3101 691 3160 captivi,
704 3115 758 3145 curn
779 3106 888 3162 potestas
907 3107 971 3148 esset
991 3104 1137 3156 redimendi,

172 3155 290 3213 redempti
307 3169 356 3200 non
373 3163 436 3200 sunt.
470 3163 596 3217 praeterea
607 3162 793 3220 trepidationem
801 3163 872 3216 'urbis
884 3161 909 3207 et
921 3165 1011 3211 luctum
1023 3169 1049 3208 et
1060 3179 1099 3208 ree
1109 3167 1139 3217 in,

173 3211 295 3274 Hispania
304 3217 400 3260 meliore
413 3221 500 3262 eventu
513 3223 593 3275 gestas
605 3223 719 3265 continet.
752 3221 848 3281 Opimia
856 3227 881 3266 et
890 3223 1015 3268 Florentia
1023 3219 1137 3271 Vestaie

172 3274 280 3330 virgines
292 3275 377 3338 incesti
390 3276 519 3324 damnatae
531 3283 595 3324 sunt.
628 3279 733 3325 Varroni
741 3282 838 3326 obviarn
849 3283 943 3328 itnmet
951 3285 1137 3340 grandescens,-

171 3335 236 3392 quod
248 3333 277 3378 de
289 3347 315 3378 re
327 3335 426 3390 publica
437 3349 485 3380 non
498 3338 666 3396 desperasset]
1120 3367 1122 3370 ·
1134 3375 1137 3380 -

878 3461 888 3482 ³
936 3461 986 3540 iia
1037 3459 1060 3486 ’ζ’
1095 3477 1099 3481 ’
