2568 3782
409 244 540 291 araas
566 242 677 310 xxrr,
696 229 834 295 22-23.
1062 230 1125 298 187

167 400 371 482 superbosque
396 401 428 462 in
453 401 542 462 rebus
565 401 705 463 secundis
729 412 870 482 expertos
894 402 1018 464 fortuna
1041 411 1072 465 et

167 484 259 543 timor
277 483 430 560 mitigasse
445 482 542 543 videri
564 491 700 560 poterat3
723 482 878 544 Romanus
900 483 998 562 primo
1019 484 1070 544 ad-

167 573 270 636 ventu,
296 562 469 642 incognitus
497 572 576 634 ante,
601 562 641 622 ab
665 584 697 622 re
721 563 863 628 clementi
888 563 1071 644 liberalique

167 643 289 702 initium
305 643 434 715 fecerat;
450 651 479 702 et
493 641 629 715 Abelux,
641 643 688 704 vir
703 644 844 722 prudens,
859 643 943 704 hand
957 644 1070 706 frustra

167 722 331 783 videbatur
350 723 445 783 socios
467 732 606 782 mutasse.
649 723 757 802 Itaque
782 724 898 804 ingenti
923 745 1068 786 consensu
1103 726 1122 784 5

168 803 368 864 defectionem
402 823 505 862 omnes
539 813 691 882 spectare;
736 825 881 883 armaque
908 807 1068 885 ¹extemplo

167 892 251 943 mota
265 884 372 956 forent,
387 883 420 942 ni
434 883 540 956 hiems,
555 904 633 962 quae
647 883 802 946 Romanos
819 897 982 964 quoquest
997 886 1068 947 Oar-

167 963 373 1041 thaginieuses
387 963 550 1024 concedere
565 965 596 1023 in
612 972 693 1024 tecta
707 967 814 1044 coegit,
829 967 1048 1066 intervqnisset.

207 1043 340 1104 XXIII.
381 1042 470 1104 Haec
505 1044 537 1105 in
573 1042 726 1124 Hispania
756 1047 904 1126 [quoque]
935 1047 1069 1109 secunda

166 1136 281 1186 aestate
303 1124 413 1185 Punici
436 1125 508 1184 belli
529 1134 622 1204 gesta,
637 1147 707 1186 cum
721 1127 754 1186 in
769 1127 863 1187 Italia
877 1126 1003 1206 paulum
1024 1128 1067 1188 in·
1083 1126 1122 1187 10

168 1205 291 1266 tervalli
319 1205 459 1266 cladibus
487 1207 634 1266 Romanis
661 1207 766 1268 sollers
793 1207 948 1268 cunctatio
977 1208 1068 1268 Fabii

167 1285 302 1358 fecisset;
325 1307 404 1365 quae
431 1297 467 1346 ut
495 1286 703 1348 Hannibalern
732 1309 792 1348 non
818 1287 962 1350 mediocri
989 1288 1069 1348 solli·

168 1367 263 1427 citum
279 1388 353 1428 cura
366 1367 511 1440 habebat,
524 1368 648 1428 tandem
662 1389 732 1428 eum
747 1368 875 1428 militiae
889 1369 1069 1447 magistrum

168 1447 314 1528 delegisse
339 1448 494 1510 Romanos
518 1457 700 1522 cernentem,
722 1451 775 1528 qui
801 1449 914 1510 bellum
939 1449 1068 1522 ratione,

167 1548 228 1588 non
253 1529 377 1590 fortuna
401 1539 527 1609 gereret,
549 1529 593 1590 ita
614 1538 787 1608 contempta
807 1537 872 1590 erat
893 1530 973 1590 inter
994 1527 1122 1591 civis15

167 1620 301 1670 armatos
316 1611 430 1689 pariter
444 1619 630 1690 togatosque,
646 1611 751 1688 utique
765 1620 925 1688 postquam
946 1610 1069 1672 absente

168 1709 203 1750 eo
217 1693 390 1750 temeritate
403 1691 542 1770 magistri
559 1691 705 1769 equitum,
719 1690 800 1752 laeto
816 1691 916 1752 verius
937 1690 1068 1759 dixerim

167 1791 260 1848 quarn
282 1791 423 1850 prospero
443 1779 565 1843 eventu,
586 1781 755 1850 pugnaturn
780 1770 888 1830 fuerat.
931 1770 1070 1830 Aoeesse

167 1860 238 1911 rant
252 1851 332 1910 duae
346 1871 392 1910 res
408 1851 448 1912 ad
459 1851 634 1930 augendam
657 1851 805 1912 invidiam
827 1851 992 1923 dictatoris,
1008 1869 1069 1912 una

167 1930 276 1992 fraude
297 1951 334 1991 ac
354 1931 424 1992 dolo
447 1931 644 2004 Hannibalis,
660 1931 750 2010 quod,
765 1951 835 1992 curn
848 1952 869 1990 a
883 1930 1025 2009 perfugis·
1040 1930 1069 1990 ei
1085 1930 1123 1990 20

162 2021 353 2072 *monstratus
373 2031 445 2091 ager
466 2012 623 2072 dictatoris
644 2021 729 2084 esset,
743 2011 882 2071 omnibus
903 2011 986 2072 circa
1005 2010 1069 2072 solo

167 2091 315 2171 aequatio,
329 2092 369 2153 ab
386 2105 447 2152 una
460 2112 495 2153 eo
509 2093 623 2152 ferrum
644 2091 806 2170 ignemque
827 2102 857 2152 et
870 2092 934 2153 vim
949 2112 1069 2152 omnem

167 2171 301 2232 hostium
323 2172 476 2233 abstineri·
484 2173 585 2253 jussit,
600 2181 636 2232 ut
649 2171 762 2233 occulti
783 2171 912 2251 alicujus
926 2172 1016 2252 -pacti
1034 2192 1070 2232 ea

166 2273 282 2312 merces
301 2251 399 2314 videri
420 2262 529 2332 posset,
549 2253 647 2313 altera
667 2253 760 2332 ipsius
783 2251 871 2325 facto,
893 2253 991 2331 primo
1011 2252 1069 2313 for·

166 2333 248 2393 sitan
263 2332 367 2406 dubio,
381 2333 455 2412 quia
479 2354 541 2395 non
567 2343 729 2412 expectata
750 2332 783 2391 in
803 2353 838 2392 eo
857 2341 979 2394 senatus
1000 2353 1069 2402 auc·
1084 2331 1122 2392 25

166 2413 275 2474 toritas
289 2422 343 2487 est,
358 2414 398 2474 ad
414 2423 585 2474 extremum
599 2413 684 2473 haud
698 2413 840 2491 ambigue
854 2413 886 2472 in
901 2413 1068 2474 maximam

166 2492 291 2554 laudem
315 2514 410 2556 verso.
453 2494 491 2554 In
511 2494 725 2574 permutandis
743 2493 891 2572 captivis
916 2493 997 2572 quod
1025 2494 1068 2554 sic

166 2574 266 2653 primo
291 2572 409 2634 Punico
432 2573 514 2636 bello
539 2575 655 2636 factum
680 2581 755 2646 erat,
779 2582 963 2634 convenerat
989 2574 1069 2634 inter

167 2653 258 2714 duces
274 2653 448 2714 Romanum
466 2655 678 2735 Poenumque,
687 2664 730 2728 ut,
746 2675 823 2734 quae
843 2674 914 2733 pars
935 2653 1005 2732 plus
1026 2674 1069 2714 re-

167 2734 284 2812 ciperet
296 2755 389 2812 quam
408 2735 503 2808 daret,
518 2735 636 2814 argenti
652 2735 752 2813 pondo
768 2735 839 2794 bina
853 2743 884 2794 et
897 2733 1022 2795 selibras
1037 2735 1068 2792 in
1084 2734 1123 2794 30

167 2815 299 2874 militem
327 2824 503 2893 praestaret.
522 2864 525 2870 .
545 2815 694 2876 Ducentis
722 2815 927 2894 quadraginta
954 2822 1069 2893 septem

166 2915 237 2955 cum
251 2894 355 2974 plures
370 2895 527 2956 Romanus
542 2916 634 2974 quam
648 2895 767 2956 Poenus
781 2895 949 2973 recepisset,
964 2915 1070 2974 argen-

13 2975 14 2980 ’
114 3023 115 3026 ¹
166 2984 294 3054 tumque
315 2995 370 3054 pro
390 2975 432 3036 eis
453 2975 599 3049 debitum,
621 2996 710 3054 saepe
726 2976 845 3056 jactata
859 2975 892 3034 in
905 2983 1013 3035 senatu
1027 2995 1069 3048 re,

167 3056 313 3133 quoniam
329 3075 392 3115 non
411 3056 609 3116 consuluisset
622 3066 732 3135 patres,
747 3055 865 3117 tardius
886 3064 1068 3134 erogaretur,

167 3135 352 3196 inviolatum
377 3135 417 3196 ab
441 3136 526 3197 hoste
550 3157 668 3215 agrurn,
688 3137 777 3195 misso
798 3134 930 3196 Romam
952 3135 1068 3212 Quinto
1085 3134 1123 3194 35

167 3215 240 3288 filio,
262 3215 411 3289 vendidit,
432 3216 581 3296 fidemque
605 3216 761 3294 publicam
782 3215 927 3294 inpendio
945 3215 1070 3294 privato

167 3296 307 3358 exsolvit

208 3377 371 3436 Hannibal
386 3397 440 3456 pro
453 3376 582 3438 Gereoni
598 3376 857 3455 moenibus„cujus
869 3375 952 3434 urbis
963 3383 1071 3451 captae

151 3466 261 3536 atque
276 3457 423 3520 incensae
444 3457 483 3518 ab
501 3478 536 3518 se
556 3457 590 3520 in
610 3476 697 3515 usum
719 3456 895 3524 horreorum
914 3473 1014 3531 pauca
1028 3469 1070 3512 re

382 3665 389 3698 l
500 3705 503 3708 .
