2568 3782
167 223 232 290 180
341 240 431 287 mm
459 240 556 290 n1v1
581 241 637 289 Aa
664 242 779 294 vasa
808 243 1002 291 corruas

218 398 300 459 idem
314 405 433 478 tempus
447 397 601 478 lapidibus
615 398 757 478 pluvisse,
767 407 797 461 et
811 399 908 461 multo
920 421 1027 463 cruore
1038 403 1131 482 signa

219 479 251 539 in
266 477 386 540 Sabinis
403 480 549 554 [sudasse,
564 481 609 556 et]
630 501 724 558 aquas
746 480 830 541 fonte
851 481 951 542 calido
975 483 1129 562 [gelida]s

218 579 372 633 manasse;
396 559 443 634 (id
458 560 580 638 quidem
600 562 702 628 etiam.
717 561 798 639 quod
819 562 938 640 saepius
960 564 1128 636 acciderat,

219 640 317 719 magis
336 639 503 718 terrebat3)
525 649 556 701 et
575 640 675 701 invia
695 640 871 714 Fornicata,
886 663 964 720 quae
983 643 1023 703 ad
1038 645 1130 704 Cam-

186 721 205 781 5
220 741 293 801 pum
307 730 382 794 erat,
398 720 517 799 aliquot
530 721 667 780 homines
684 721 722 780 de
742 721 828 781 caelo
848 724 923 782 tacti
945 724 1129 785 exanimati-

219 821 278 880 que
292 801 421 862 fuerant.
465 801 512 861 Ea
533 800 674 880 prodigia
688 821 727 860 ex
742 800 830 862 libris
852 815 1025 881 procurata.
1055 804 1128 864 ·Le·

219 881 284 960 gati
310 901 329 942 a
353 881 462 942 Paesto
490 889 610 959 pateras
639 901 745 942 aureas
774 881 906 942 Romam
936 883 1126 946 adtulerunt

220 961 271 1035 Iis,
296 961 376 1022 sicut
402 961 626 1041 Neapolitanis,
651 963 770 1041 gratiae
798 971 893 1036 actae,
922 983 1031 1023 aurum
1063 985 1128 1025 non

219 1051 387 1121 acceptum.

168 1125 206 1185 10
259 1122 442 1184 XXXVII.
484 1121 544 1184 Per
568 1122 688 1184 eosdem
713 1123 775 1183 dies
801 1122 841 1183 ab
863 1123 1000 1184 Hierone
1020 1124 1128 1186 classis

219 1202 307 1263 Ostia
334 1224 404 1263 cum
433 1224 545 1282 magno
573 1213 744 1264 commeatu
775 1205 910 1265 accessit.
953 1203 1063 1284 Legati
1091 1207 1127 1265 in

219 1293 358 1344 senatum
378 1284 546 1344 introducti
567 1285 751 1344 nuntiarunt
772 1285 913 1344 ‘caedem
931 1283 965 1344 O.
986 1284 1127 1345 Flamini

220 1364 351 1424 consulis
385 1365 598 1444 exercitusque
633 1364 769 1424 adlatam
798 1364 874 1425 adeo
903 1382 993 1444 aegre
1021 1366 1128 1426 tulisse

220 1465 321 1523 regem
336 1444 513 1518 Hieronem,
527 1456 563 1505 ut
581 1444 669 1505 nulla
688 1465 744 1505 sua
765 1445 890 1525 propria
912 1447 1056 1525 regnique
1076 1447 1127 1506 sui

168 1527 206 1586 15
221 1525 309 1584 clade
335 1525 451 1586 moveri
479 1526 576 1604 magis
603 1527 747 1604 potuerit.
790 1526 908 1604 Itaque,
937 1546 1126 1605 quamquam

242 1604 314 1665 robe
337 1606 414 1665 sciat
438 1606 682 1686 magnitudinem
708 1605 814 1686 populi
841 1606 974 1666 Romani
995 1608 1128 1667 admira-

219 1626 360 1746 biliorem
385 1707 479 1765 prope
502 1686 638 1748 adversis
663 1687 752 1747 rebus
778 1707 871 1766 quam
892 1686 1032 1746 secundis
1053 1707 1127 1760 esse,

220 1775 323 1827 tamen
347 1787 378 1826 se
400 1769 512 1840 omnia,
535 1767 645 1846 quibus
666 1787 686 1827 a
708 1767 794 1828 bonis
816 1766 1017 1845 fidelibusque
1036 1769 1128 1828 sociis

220 1846 303 1906 bella
322 1847 428 1926 juvari
452 1848 578 1922 soleant,
604 1848 736 1920 misisse;
759 1867 836 1927 quae
857 1867 895 1907 ne
916 1849 1054 1926 accipere
1074 1847 1128 1908 ab

167 1928 206 1988 20
220 1937 327 2000 nuant,
337 1947 450 2004 magno
460 1949 549 2008 opere
563 1949 595 1989 se
608 1939 709 2008 patres
724 1927 909 2006 conscriptos
921 1947 1015 1987 orare.
1051 1927 1129 1989 Jam

220 2008 356 2068 omnium
384 2009 517 2087 primum
545 2010 654 2070 ominis
683 2029 775 2069 causa
800 2007 972 2069 Victoriam
1000 2020 1128 2068 auream

219 2089 321 2167 pondo
341 2088 505 2150 ducentum
526 2111 562 2151 ac
577 2091 689 2169 viginti
711 2089 831 2149 adferre
851 2108 930 2148 sese:
952 2089 1129 2167 acciperent

220 2189 288 2228 eam
307 2177 504 2249 tenerentque
518 2179 548 2231 et
562 2171 710 2231 baberent
723 2169 879 2249 propriam
894 2177 924 2228 et
937 2180 1128 2248 perpetuam.

220 2248 391 2312 Advenisse
411 2252 502 2310 etiam
524 2261 660 2312 trecenta
681 2251 768 2310 milia
790 2249 924 2320 modium
946 2248 1052 2322 tritici,
1071 2249 1129 2308 du-

167 2330 206 2390 25
220 2339 309 2391 centa
332 2331 447 2405 hordei,
473 2351 511 2392 ue
536 2341 721 2392 commeatus
750 2330 895 2402 deessent,
920 2337 950 2388 et
974 2337 1129 2407 quantum

219 2420 376 2491 praeterea
410 2432 485 2491 opus
519 2422 603 2486 esset,
632 2433 692 2491 quo
723 2409 890 2490 jussissent,
918 2407 1129 2470 subvecturos.

220 2492 322 2552 Milite
342 2501 435 2571 atque
454 2493 555 2572 equite
571 2494 648 2553 scire
662 2492 721 2553 nisi
737 2491 878 2551 Romano
893 2488 1059 2568 Latinique
1074 2509 1130 2550 no·

219 2573 310 2634 minis
323 2593 390 2633 non
401 2573 446 2632 uti
460 2577 606 2653 populum
622 2573 814 2644 Romanum
837 2569 951 2631 levium
970 2589 1131 2630 armorum

220 2654 338 2714 auxilia
366 2654 458 2715 etiam
486 2664 613 2715 externa
637 2654 748 2714 vidisse
770 2651 802 2710 in
826 2650 932 2710 castris
958 2649 1129 2711 Romanis:

167 2734 207 2795 30
220 2733 323 2813 itaque
350 2735 464 2794 misisse
491 2734 576 2795 mille
603 2734 832 2814 sagittariorum
863 2750 899 2790 ac
924 2729 1130 2805 funditorum,

220 2824 325 2894 aptam
340 2835 464 2875 manum
485 2816 631 2875 adversus
645 2814 784 2874 Baliares
806 2832 843 2872 ac
864 2810 989 2870 Mauros
1010 2830 1131 2890 pugna·

221 2914 329 2975 casque
352 2895 428 2956 alias
449 2896 557 2956 missili
577 2897 638 2956 telo
659 2893 781 2974 gentes!
824 2891 878 2951 Ad
899 2910 935 2950 ea
955 2891 1037 2950 dona
1058 2911 1130 2951 con-

219 2975 322 3036 silium
343 2996 462 3055 quoque
482 2975 647 3048 addebant,
668 2984 703 3036 ut
725 2980 873 3053 ‘praet0r,
896 2971 945 3030 cui
967 2971 1131 3049 provincia

220 3056 326 3117 Sicilia
346 3058 501 3130 evenisset,
517 3056 640 3117 classem
664 3056 696 3115 in
712 3055 854 3115 Africam
876 3052 1028 3123 traiceret,
1042 3063 1079 3110 ut
1098 3062 1130 3112 et

167 3137 206 3197 35
221 3137 319 3196 hostes
334 3137 365 3194 in
381 3145 462 3196 terra
483 3158 538 3196 sna
559 3137 673 3196 bellum
693 3135 850 3206 haberent,
866 3133 1026 3210 minusque
1042 3131 1129 3192 laxa·

221 3216 315 3275 menti
330 3216 455 3274 daretur
469 3217 506 3275 iis
521 3216 559 3276 ad
574 3215 694 3276 auxilia
708 3212 882 3274 Hannibali
897 3211 1127 3273 submittenda)

260 3294 312 3353 Ab
332 3303 439 3353 senatu
461 3296 505 3354 ita
525 3314 699 3372 responsum
722 3294 786 3372 regi
806 3302 860 3365 est,
876 3293 994 3353 ‘virum
1012 3291 1129 3352 bonum

220 3373 435 3450 egregiumque
448 3375 563 3432 socium
576 3374 742 3433 Hieronem
755 3392 826 3445 esse,
835 3381 926 3450 atque
939 3390 999 3430 uno
1012 3380 1129 3444 tenore,

220 3470 259 3510 ex
280 3471 340 3529 quo
362 3452 394 3510 in
415 3453 582 3513 amicitiam
603 3453 708 3532 populi
730 3452 863 3513 Romani
884 3451 1011 3520 venerit,
1033 3450 1128 3512 fidem
