2568 3782
148 191 211 256 100
319 205 408 252 rrrr
435 203 531 252 n1v1
557 204 612 252 An
638 204 755 253 veen
784 202 1012 270 conarri„

149 367 150 371 ’
197 363 304 444 populi
327 361 460 424 Romani
481 383 517 422 ac
538 361 780 441 magnitudinem
799 360 928 441 imperii,
943 361 1103 441 petissent,

115 451 118 458 '
197 465 235 505 ne
251 445 351 504 Poeno
366 443 482 503 bellum
498 442 608 502 Italiae
622 442 765 502 inferenti
780 462 834 521 per
847 462 934 520 agros
949 442 1105 520 urbesque

197 545 265 586 suas
293 524 457 585 transitum
487 523 604 596 darent,
633 531 736 582 tantus
765 543 834 582 cum
862 525 985 581 fremitu
1023 523 1105 581 risus

197 606 310 666 dicitur
330 615 423 678 ortus,
444 613 480 664 ut
501 604 555 664 vix
578 624 596 662 a
617 603 846 680 magistratibus
875 603 1105 680 majoribusque

163 685 271 746 5natu
294 687 434 747 ‘uventus
460 683 634 755 sedaretur;
662 683 738 742 adeo
758 683 869 742 stolida
890 683 1105 761 inpudensque

196 707 360 845 postulatio
381 765 447 826 visa
468 773 521 837 est,
538 783 664 835 censere,
687 784 725 823 ne
745 764 779 822 in
800 762 925 822 Italiam
945 764 1104 825 transmit·

196 856 264 907 taut
284 846 369 908 Galli
391 845 517 916 bellum,
532 845 611 924 ipsos
633 844 665 903 id
686 855 823 906 avertere
843 843 875 903 in
896 866 937 918 se,
951 865 1104 925 agrosque

195 948 263 987 suos
279 949 332 1006 pro
348 926 454 986 alienis
469 925 661 1004 populandos
675 925 801 986 obicere.
843 925 955 986 Sedato
975 927 1102 993 tandem

195 1007 328 1080 fremitu,
343 1027 519 1086 responsum
534 1006 643 1084 legatis
658 1017 710 1079 est,
726 1027 824 1084 neque
840 1006 1051 1066 Romanorum
1066 1007 1101 1066 in

142 1085 181 1147 10
195 1108 226 1148 se
239 1089 380 1147 meritum
395 1107 456 1146 esse
471 1106 568 1164 neque
583 1085 880 1165 Carthaginiensium
895 1087 1050 1165 injuriam,
1060 1086 1102 1146 ob

195 1187 272 1246 quae
293 1178 347 1228 aut
367 1188 423 1246 pro
445 1166 593 1226 Romanis
613 1175 667 1226 aut
687 1168 831 1227 adversus
846 1168 963 1228 Poenos
976 1176 1103 1228 sumant

194 1268 297 1320 arma3
326 1257 433 1308 contra
457 1267 493 1307 ea
516 1247 624 1310 audire
648 1266 719 1320 sese,
744 1247 842 1326 gentis
866 1268 938 1308 suae
960 1247 1111 1326 homines¹

195 1349 268 1408 agro
279 1328 449 1406 finibusque
460 1326 572 1387 Italiae
583 1328 658 1406 pelli
672 1347 692 1389 a
705 1327 820 1408 populo
835 1329 974 1389 Romano
987 1328 1103 1406 stipen-

195 1409 339 1488 diumque
366 1408 498 1486 pendere
526 1417 557 1468 et
585 1417 686 1468 cetera
713 1409 841 1488 indigna
862 1409 936 1488 pati.
950 1437 962 1463 ι.
978 1409 1100 1468 Eadem

141 1490 180 1550 15
194 1489 287 1549 ferme
309 1489 340 1547 in
364 1488 470 1548 ceteris
493 1487 617 1549 Galliae
639 1489 776 1549 conciliis
803 1489 887 1550 dicta
914 1489 1099 1568 auditaque;

193 1589 249 1630 nec
265 1568 594 1647 hospitale'quicquam
611 1578 795 1648 pacatumve
815 1570 888 1630 satis
909 1571 992 1649 prius
1013 1569 1100 1629 audi-

193 1661 260 1710 tum
284 1669 376 1728 quam
401 1647 571 1708 Massiliam
593 1670 711 1710 venere.
753 1649 804 1710 Ibi
825 1651 929 1710 omnia
949 1649 988 1710 ab
1009 1651 1100 1710 sociis

194 1730 339 1810 inquisita
362 1749 431 1789 cum
453 1749 527 1789 cura
555 1749 591 1789 ac
612 1729 671 1789 fide
693 1731 832 1809 cognita:
861 1740 1100 1809 praeoccupatos

195 1812 261 1891 jam
282 1819 353 1870 ante
374 1808 414 1869 ab
436 1808 617 1869 Hannibale
632 1809 794 1871 Gallorum
812 1811 928 1871 animos
945 1831 1023 1884 esse3
1044 1811 1097 1870 sed

140 1893 179 1954 20
193 1911 232 1950 ne
254 1890 302 1951 illi
325 1890 449 1968 quidem
472 1889 529 1966 ipsi
552 1891 626 1950 satis
650 1891 756 1950 mitem
780 1901 901 1970 gentem
922 1891 985 1952 fore
1007 1891 1099 1964 (adeo
1155 1893 1159 1896 ’

193 1971 308 2032 ferocia
321 1981 413 2048 atque
428 1969 578 2030 indomita
592 1971 715 2050 ingenia
724 1977 811 2050 esse),
823 1972 856 2031 ni
869 1971 997 2032 subinde
1012 1993 1099 2048 auro,

194 2053 280 2131 cujus
300 2051 479 2112 avidissima
500 2069 573 2129 gens
595 2059 649 2122 est,
664 2051 839 2131 principum
860 2052 956 2112 animi
974 2051 1098 2112 concili·

3 2165 15 2204 ,s
59 2185 61 2192 s
85 2123 135 2186 ἶ
155 2157 166 2190 c
194 2143 291 2193 entur.
334 2130 385 2191 Ita
406 2131 576 2209 perag-ratis
597 2129 768 2209 Hispaniae
785 2143 816 2192 ct
829 2132 952 2192 Galliae
966 2133 1098 2212 populis,

193 2211 287 2292 legati
313 2212 445 2272 Romam
469 2211 607 2284 redeunt,
628 2211 712 2272 hand
733 2213 778 2272 ita
798 2213 895 2274 multo
915 2224 983 2294 post
1004 2234 1098 2292 quam

140 2295 179 2355 25
194 2293 332 2354 consules
360 2293 392 2350 in
420 2291 595 2370 provincias
623 2293 751 2370 profecti
779 2304 875 2354 eraut.
930 2294 1098 2354 Civitatem

194 2393 315 2432 omnem
336 2373 548 2450 expectatione
569 2371 643 2432 belli
664 2383 796 2434 erectam
818 2374 1008 2446 invenerunt,
1023 2375 1098 2434 satis

194 2461 350 2514 constante
364 2453 446 2511 fama
456 2453 523 2530 jam
538 2452 691 2512 Hiberum
706 2454 821 2514 Poenos
837 2455 1006 2515 tramisisse.

233 2533 329 2594 XXI.
372 2531 532 2592 Hannibal
549 2532 685 2612 Sagunto
700 2543 789 2612 capto
804 2533 1020 2613 Carthaginem
1035 2535 1098 2594 No-

193 2635 265 2676 vam
279 2615 312 2673 in
327 2612 457 2672 hiberna
470 2622 665 2686 concesserat,
676 2614 783 2696 ibique
804 2615 916 2674 auditis
937 2635 1015 2693 quae
1036 2616 1099 2674 Ro-

139 2697 179 2758 30
193 2715 261 2754 mae
288 2713 425 2772 quaeque
454 2692 641 2772 Carthagine
674 2703 744 2754 acta
775 2695 970 2773 decretaque,
986 2695 1096 2770 forent,

192 2795 284 2854 seque
297 2793 359 2834 non
375 2773 485 2834 ducem
505 2773 678 2836 solum³sed
693 2776 784 2834 etiam
799 2795 921 2834 causam
936 2795 998 2834 csse
1011 2758 1097 2850 billi,

192 2855 313 2934 partitis
338 2853 564 2935 divenditisque
586 2855 725 2934 reliqniis
749 2857 889 2934 praedae,
911 2856 990 2915 nihil
1011 2857 1098 2918 ultra

191 2935 394 2996 differendum
407 2943 501 3007 ratus,
516 2934 651 3015 Hispani
660 2937 783 3014 'generis
805 2937 916 2996 milites
938 2946 1096 2999 convocat.

192 3015 318 3076 “Credo
344 3035 399 3093 ego
418 3015 501 3087 vos,'’
529 3016 637 3094 inquit,
665 3013 829 3090 “socii,'ct
857 3018 935 3096 ipsos
964 3038 1097 3092 QQIQ,
1175 3052 1177 3056 Α
1241 3036 1244 3044 ’

137 3097 176 3156 35
191 3096 309 3174 pacatis
334 3093 474 3155 omnibus
499 3095 670 3173 Hispaniae
692 3097 824 3236 populis,
851 3108 904 3156 aut
928 3097 1097 3160 finiendam

191 3175 278 3235 nobis
301 3175 443 3234 militiam
464 3176 676 3254 exercitusque
714 3177 889 3238 imittendos
908 3197 978 3249 esse,
993 3179 1096 3239 autin

190 3255 266 3314 alias
294 3263 389 3315 terras
417 3255 661 3314 transferendum
690 3255 823 3328 bellum;
856 3257 900 3318 ita
928 3259 1005 3315 cuim
1037 3257 1097 3320 hae

190 3344 293 3414 gentes
316 3354 378 3392 non
401 3335 485 3412 pacis
512 3333 610 3394 solum
638 3335 690 3395 sed
715 3338 807 3396 ctiam
832 3337 978 3398 uictoriae
1005 3338 1095 3400 bonis

126 3484 128 3488 .
189 3414 355 3486 florebunt,
375 3413 399 3472 si
425 3434 464 3472 cx
492 3412 561 3472 aliis
582 3415 722 3492 gentibus
743 3417 889 3496 praedatu.
911 3430 939 3478 et
960 3415 1094 3496 gloriam
