2568 3782
158 244 221 311 los
331 258 421 305 r1r1
448 253 547 305 u1v1
571 255 627 303 un
653 255 767 306 vasu
797 257 989 306 sonorus

210 419 347 480 animum
362 415 564 496 adjecit‚eam
586 433 679 475 unam
700 433 764 475 rem
785 415 920 476 maxime
939 424 1024 476 ratus
1047 437 1118 478 con·

210 500 386 560 ciliaturam
401 495 548 556 Romanis
562 496 737 574 principum
753 495 922 574 Hispaniae
931 497 1117 557 amicitiam.

210 579 269 640 Sed
284 598 354 638 cum
376 577 492 656 injussu
507 575 643 636 Bostaris
664 575 810 654 praefecti
831 576 903 636 satis
924 577 1014 636 sciret
1036 577 1118 636 nihil

211 659 351 720 obsidum
366 656 504 717 custodes
521 655 654 716 facturos
676 675 746 728 esse,
762 655 919 716 Bostarem
934 657 1034 736 ipsum
1049 667 1119 717 arte

179 743 198 802 5
212 739 398 819 adgreditur.
441 736 550 797 Castra
564 745 653 796 extra
668 735 774 794 urbem
789 736 820 795 in
836 736 900 815 ipso
915 735 1005 797 litore
1026 737 1118 797 habe

212 821 266 881 bat
280 819 399 890 Bostar,
410 825 444 876 ut
457 816 577 876 aditum
587 835 623 876 ea
633 825 720 895 parte
730 816 948 878 intercluderet
959 817 1118 878 Romanis.

213 900 262 960 Ibi
286 919 356 960 eum
380 898 414 957 in
437 904 586 957 secretum
610 895 786 969 abductum,
808 895 894 958 velut
915 898 1119 978 ignorantem,

213 989 324 1050 monet,
339 998 399 1057 quo
413 986 495 1038 statu
509 978 550 1038 sit
564 997 627 1037 res:
651 981 783 1037 ‘metum
797 977 980 1038 continuisse
993 979 1034 1037 ad
1049 999 1119 1038 eam

152 1093 159 1105 ·
213 1060 293 1120 diem
309 1059 518 1137 Hispanorum
533 1057 659 1131 animos,
675 1058 748 1136 quia
760 1057 871 1136 procul·
884 1057 1016 1118 Romani
1035 1058 1121 1119 abes·

160 1143 199 1203 10
213 1149 296 1213 sent;
318 1158 400 1198 nunc
414 1138 457 1197 cis
473 1137 625 1198 Hiberum
648 1147 748 1198 castra
769 1137 909 1198 Romana
929 1159 1001 1210 esse,
1015 1159 1120 1198 arcem

213 1231 313 1282 tutam
338 1217 571 1298 perfugiumque
595 1219 690 1279 novas
715 1218 888 1282 volentibus
913 1240 977 1291 res;
1004 1219 1119 1298 itaque,

213 1321 287 1380 quos
312 1307 409 1360 metus
430 1319 492 1358 non
513 1307 623 1370 teneat,
647 1298 791 1359 beneficio
813 1307 842 1359 et
863 1299 963 1379 gratia
984 1299 1121 1360 devinci-

213 1381 306 1442 endos
320 1379 400 1440 esse!
444 1378 573 1440 Miranti
587 1378 710 1439 Bostari
730 1381 1010 1459 percunctantique,
1025 1380 1121 1459 quod-

214 1482 286 1521 nam
307 1460 340 1520 id
360 1459 495 1520 subitum
517 1467 622 1520 tantae
642 1459 686 1520 rei
708 1459 822 1520 donum
837 1469 935 1540 posset
953 1481 1025 1532 esse,
1041 1460 1121 1522 “ob-

161 1545 200 1605 15
213 1540 319 1603 sides''
342 1540 443 1618 iuquit
464 1539 522 1599 “iu
543 1540 684 1602 civitates
706 1543 834 1601 remitte
875 1539 959 1602 Idet
972 1541 1122 1620 privatim

215 1620 402 1702 parentibus,
417 1639 546 1698 quorum
561 1640 742 1680 maxumum
763 1630 950 1682 momentum
965 1622 998 1682 iu
1012 1622 1123 1682 civita-

215 1702 297 1763 tibus
311 1710 356 1762 est
368 1702 439 1773 suis,
454 1709 492 1760 et·
505 1699 628 1779 publice
648 1701 769 1780 populis
789 1711 912 1780 gratum
932 1703 998 1762 erit.
1041 1701 1122 1764 Volt

215 1783 274 1843 sibi
295 1782 422 1862 quisque
443 1780 580 1854 credi‚‚et
600 1781 707 1842 habita
727 1781 801 1842 fides
821 1782 919 1861 ipsam
939 1783 1123 1862 plerumque

163 1937 165 1942 ι
215 1863 334 1942 obligat
357 1862 457 1922 fidem.
498 1860 704 1921 Ministerium
732 1863 986 1923 restituendorum
1008 1863 1122 1924 domos

163 1947 203 2008 20
217 1943 357 2004 obsidum
377 1942 517 2002 mihimet
538 1941 666 2020 deposco
681 1942 752 2021 ipse,
767 1953 803 2004 ut
823 1963 915 2022 opera
936 1963 1056 2024 quoque
1075 1943 1122 2002 in-

216 2044 310 2103 pensa
324 2023 485 2083 consilium
499 2020 642 2101 adjuvem
657 2042 767 2096 meum,
782 2032 812 2083 et
826 2023 869 2084 rei
883 2034 989 2103 suapte
1008 2033 1122 2083 natura

216 2113 323 2184 gratae
347 2112 493 2182 quantam
517 2103 641 2181 insuper
664 2103 797 2181 gratiam
821 2105 933 2183 possim
957 2103 1121 2165 adiciam.''

218 2183 348 2244 Homini
372 2203 433 2243 non
457 2182 497 2242 ad
521 2192 621 2242 cetera
649 2183 769 2244 Punica
796 2184 928 2264 ingenia·
946 2184 1060 2245 callido
1085 2192 1123 2245 ut

217 2263 374 2344 persuasit,
385 2271 474 2323 nocte
489 2263 568 2322 clam
579 2283 752 2342 progressus
766 2264 806 2324 ad
820 2265 952 2325 hostium
966 2266 1122 2338 stationes,

161 2349 204 2409 '25
218 2345 374 2406 conventis
388 2343 571 2422 quibusdam
593 2344 797 2404 auxiliaribus
812 2345 960 2423 Hispanis
974 2354 1004 2405 et
1019 2345 1058 2405 ab
1072 2345 1122 2406 his

218 2425 257 2486 ad
278 2425 451 2504 Scipionem
472 2423 645 2500 perductus,
660 2424 734 2502 quid
746 2424 889 2499 adferret,
904 2427 1066 2504 expromit,
1080 2434 1122 2498 et,

209 2505 277 2566 'fide
290 2514 416 2584 accepta
430 2504 570 2582 dataque,
581 2523 616 2564 ac
632 2503 698 2564 loco
712 2513 743 2565 et
757 2513 891 2584 tempore
902 2506 1066 2566 constituto
1080 2505 1123 2566 ad

216 2585 336 2647 obsides
350 2583 521 2656 tradendos,
536 2583 708 2662 Saguntum
722 2585 809 2646 redit
851 2585 943 2646 Diem
963 2586 1122 2664 insequen-

219 2676 279 2727 tem
300 2665 470 2744 absumpsit
491 2685 559 2724 cum
582 2663 710 2725 Bostare
730 2665 883 2726 mandatis
896 2666 1015 2726 adrem
1030 2686 1122 2745 agen·

162 2749 205 2810 30
219 2747 289 2807 dam
305 2745 498 2824 accipiendis.
541 2744 701 2819 Dimissus,
716 2766 786 2806 cum
800 2765 832 2806 se
844 2755 933 2807 nocta
946 2746 1072 2818 iturum,
1087 2754 1124 2806 ut

219 2826 369 2888 custodias
390 2825 523 2885 hostium
543 2824 674 2899 falleret,
696 2825 907 2900 constituisset,
925 2825 965 2888 ad
987 2826 1123 2906 conposi-

218 2916 282 2968 tam
308 2927 378 2966 cum
402 2906 438 2965 iis
463 2906 570 2966 horam
595 2907 737 2967 excitatis
762 2906 937 2968 custodibus
957 2926 1124 2986 puerorum

218 2986 380 3068 profectus,
401 2986 498 3046 veluti
519 2987 643 3066 ignarus
665 2987 697 3046 in
722 2996 917 3066 praeparatas
938 3007 993 3048 sua
1014 2986 1124 3046 fraude

218 3067 344 3128 insidias
360 3066 457 3126 ducit.
499 3066 538 3126 In
559 3067 819 3128 castraBomana
839 3067 999 3147 perducti3
1022 3077 1124 3128 cetera

166 3150 204 3208 35
219 3149 322 3208 omnia
336 3148 375 3206 de
388 3146 729 3220 reddendis'obsidibus
738 3148 817 3208 sicut
832 3168 902 3208 cum
916 3147 1044 3208 Bostare
1053 3168 1125 3207 con-

218 3229 358 3287 stitutum
374 3235 448 3298 crat,
464 3235 533 3285 act-a
547 3247 601 3304 per
615 3227 745 3286 eundem
760 3227 906 3300 ordinem,
922 3248 981 3306 quo
997 3228 1028 3288 si
1050 3226 1124 3288 Oar-

219 3305 457 3383 thaginiensium
469 3307 592 3365 nomine
602 3306 645 3366 sic
656 3316 805 3383 ageretur.
846 3307 948 3388 Major
962 3307 1124 3386 aliquanto

220 3385 430 3444 Romanorum
457 3385 556 3462 gratia
584 3385 647 3444 fuit
669 3387 702 3445 in
732 3407 764 3446 re
791 3388 867 3466 pari,
890 3409 982 3468 quam
1007 3397 1127 3468 quanta

219 3463 325 3522 futura
342 3461 641 3542 Carthaginiensium
654 3466 771 3527 iuerat.
798 3467 891 3529 iilos
914 3469 996 3530 enim
1019 3469 1127 3550 maris
