2568 3782
128 182 170 246 90
291 197 381 244 r1r1
412 198 507 245 nrvr
539 197 593 244 sa
623 197 740 246 vana
770 199 961 246 couniri

380 335 394 347 m,
412 315 424 339 ἲ

180 353 299 414 uidente
326 346 432 432 telas
451 353 616 415 Phalarica
649 362 715 415 erat
749 354 937 434 Saguntinis,
970 357 1100 419 missile

179 434 274 496 telum
290 434 393 494 hastili
408 433 536 514 abiegno
551 445 582 495 et
597 443 697 495 cetera
711 437 799 496 tereti
815 445 1029 515 praeterquam
1046 439 1101 499 ad

180 524 360 583 extremum,
375 515 456 574 unde
480 519 593 575 ferrum
619 515 764 586 extabat;
787 514 828 587 id,
850 515 930 576 sicut
954 519 986 576 in
1010 519 1098 598 pilo,

180 594 365 673 quadratum
386 603 496 673 stuppa
511 594 768 674 circumligabant
785 595 984 676 linebantque
998 601 1070 678 pice
1086 620 1097 672 ;

147 676 295 736 bferrum
320 682 422 734 autem
448 685 507 735 tres
532 676 657 753 longum
681 674 816 735 habebat
860 676 937 750 edes,
957 687 991 738 ut
1013 700 1096 740 cum

180 753 272 846 armis
299 753 476 833 transfigere
504 776 612 834 corpus
640 764 748 834 posset.
791 697 912 838 Sepid
938 760 1094 834 maxime,

180 845 273 894 etiam
287 834 312 895 si
328 835 470 895 haesisset
484 837 515 894 in
530 846 616 896 scuto
630 857 686 896 nec
701 846 886 914 penetrasset
907 835 941 898 in
963 839 1089 920 corpus,

180 935 324 996 pavorem
339 913 480 989 faciebat,
496 916 585 994 qued,
601 917 821 977 cummedium
836 937 999 999 accensum
1013 921 1089 981 mit·

180 1005 296 1055 teretur
326 1003 565 1075 conceptumque
593 997 657 1074 ipso
680 997 769 1074 xmotu
805 997 903 1058 multo
921 1001 1088 1079 ‘majorem

128 1079 166 1139 10
181 1075 280 1153 ignem
302 1076 402 1148 ferret,
422 1096 508 1136 arma
529 1077 627 1136 omitti
649 1077 1089 1159 cogebatnudumque'mili·

179 1165 241 1216 tem
262 1154 302 1216 ad
323 1155 512 1234 insequentes
533 1159 611 1218 ictus
631 1157 805 1236 praebebat.
946 1163 948 1167 ’

221 1235 280 1296 ΙΧ.
321 1236 398 1296 Cum
421 1236 474 1296 diu
496 1257 606 1321 anceps
624 1239 729 1298 fuisset
745 1249 908 1312 certamen,
923 1248 954 1300 et
967 1239 1087 1320 Sagun-

181 1316 262 1388 tinis
277 1316 350 1395 quia
366 1327 484 1394 praeter
498 1339 580 1396 spem
597 1319 776 1391 resisterent,
794 1319 958 1382 crevissent
976 1321 1086 1397 animi,

181 1395 308 1470 Poenus,
324 1399 396 1476 quia
416 1417 475 1458 non
492 1399 622 1471 vicisset,
637 1419 692 1478 pro
706 1399 789 1461 victo
810 1409 894 1471 esset,
916 1399 1083 1484 clamorem
1135 1396 1145 1416 ¹
1187 1419 1213 1478 J

129 1481 166 1540 15
181 1486 304 1556 repente
325 1478 472 1558 oppidani
494 1479 617 1552 tollunt,
632 1480 809 1558 hostemque
826 1479 860 1538 iu
877 1480 981 1540 ruinas
1004 1483 1085 1548 muri

181 1559 351 1640 expellunt,
360 1559 431 1620 inde
446 1559 616 1638 inpeditum
632 1560 1084 1639 trepidantemqueexturbant,
1098 1559 1198 1639 frasta

181 1650 331 1722 postremo
346 1641 447 1702 fusum
463 1641 663 1720 fugatumque
678 1641 710 1700 in
725 1649 824 1700 castra
839 1641 989 1720 redigunt.
1006 1639 1099 1712 lma

222 1722 350 1782 Interim
371 1722 410 1782 ab
432 1717 531 1782 Roma
552 1721 667 1800 legatos
685 1720 810 1782 venisse'
823 1721 999 1782 nuntiatum
1021 1731 1085 1794 est;

203 1804 292 1864 uibus
320 1803 442 1863 obviam
470 1801 510 1862 ad
538 1822 622 1862 mare
649 1801 732 1862 missi
757 1800 796 1862 ab
821 1802 1009 1876 Hannibale,
1031 1803 1085 1883 qui

129 1825 326 1957 abdicarent,
341 1904 395 1944 nec
417 1891 483 1944 tuto
504 1903 553 1943 eos
574 1882 709 1942 adituros
729 1882 808 1942 inter
822 1890 867 1942 tot
882 1891 945 1942 tam
960 1884 1093 1944 effrena-'

182 1973 284 2024 tarum
305 1965 440 2044 gentium
463 1983 558 2036 arma,
579 1983 635 2022 nec
660 1961 833 2022 Hannibali
860 1962 891 2020 in
917 1973 1003 2022 tanto
1026 1963 1085 2023 dis-

182 2045 308 2111 crimine
329 2065 429 2104 rerum
452 2065 561 2123 operae
586 2063 648 2102 esse
672 2041 838 2120 legationes
863 2042 978 2103 audire.
1020 2043 1085 2122 Ap·

181 2125 317 2204 parebat,
333 2145 393 2185 non
415 2125 558 2185 admissos
580 2123 797 2202 Carthaginem
819 2123 957 2202 protinus
979 2123 1084 2183 ituros

182 2205 315 2266 Litteras
346 2206 441 2284 igitur
475 2205 658 2283 nuntiosque
686 2203 726 2262 ad
755 2203 910 2282 principes
943 2202 1085 2263 factionis

128 2286 167 2346 25
182 2285 332 2347 Barcinae
346 2287 525 2366 praemittit,
540 2295 575 2344 ut
588 2292 807 2364 praepararent
820 2303 942 2343 suorum
957 2283 1084 2357 animos,

180 2387 219 2434 ne
234 2367 307 2446 quid
323 2387 392 2445 pars
406 2367 504 2426 altera
517 2365 684 2445 gratificari
700 2363 813 2443 populo
825 2363 963 2424 Romano
975 2374 1083 2442 posset.

144 2463 160 2506 .·.·
174 2479 193 2512 a
220 2447 262 2507 X.
305 2446 424 2525 Itaque,
445 2459 655 2526 praeterquam
677 2445 757 2524 quod
779 2445 902 2520 admissi
925 2445 1084 2522 auditique

146 2571 148 2578 s
180 2537 260 2600 sunt,
289 2547 324 2586 ea
358 2548 478 2606 quoque
507 2547 587 2588 vana
621 2534 714 2605 atque
748 2525 842 2588 inrita
869 2525 982 2604 legatio
1014 2525 1083 2584 fuit.
1092 2538 1134 2580 r
1149 2547 1168 2584 :z

173 2607 297 2670 'Hanno
324 2628 403 2667 unus
437 2608 591 2678 aduersus,
616 2617 755 2682 senatum
790 2625 912 2667 oausam
944 2604 1084 2676 foederis,

103 2679 105 2688 ’
121 2689 167 2750 ’30
181 2710 291 2768 magno
310 2689 432 2750 'silentio
454 2697 576 2766 propter
597 2688 810 2748 auctoritatem
824 2705 920 2757 suam,
935 2705 997 2744 non
1012 2705 1082 2744 cum
1165 2691 1167 2696 “

180 2771 309 2830 adsensu
324 2769 523 2840 audientium,
539 2767 610 2846 egit,
626 2787 679 2846 per
694 2768 764 2828 deos
778 2765 933 2826 foederum
954 2764 1085 2825 arbitros

180 2871 216 2911 ac
237 2851 320 2910 testis
341 2861 480 2910 senatum
505 2848 668 2919 obtestans,
685 2868 724 2906 ne
745 2848 920 2908 Romanum
940 2865 1009 2906 cum
1032 2845 1084 2905 Sa·

179 2932 308 3011 guntino
331 2931 512 2990 suscitarent
535 2928 667 2988 bellum:
698 2928 873 3000 ‘monuisse
897 2925 1085 3006 praedixisse

180 3033 220 3084 se,
231 3032 269 3072 ne
283 3010 472 3071 Hamilcaris
487 3009 662 3088 progeniem
677 3007 717 3066 ad
731 3007 899 3068 exercitum
913 3008 1084 3077 mitterent;

127 3089 240 3153 35'11011
263 3112 374 3163 manea,
396 3111 457 3149 non
478 3091 603 3181 stirpem
625 3090 688 3167 ejus
710 3089 920 3179 conquiescere
939 3085 1006 3160 viri,
1029 3107 1084 3147 nec

33 3220 52 3243 „
114 3219 139 3247 ,ἐ
181 3191 336 3250 umquam,
348 3171 449 3230 'donec
469 3170 625 3247 sanguinis
647 3168 836 3246 nominisque
858 3167 983 3228 Barcini
1007 3168 1085 3246 quis·

40 3242 45 3251 ¹
82 3311 84 3316 ,
181 3273 272 3329 quam
287 3251 424 3328 supersit,
434 3249 575 3327 quietura
588 3249 727 3308 Romana
737 3248 867 3311 foedera.
905 3242 1082 3310 “Jrrirenem

182 3333 361 3409 flagrantem
377 3329 520 3407 cupidine
533 3329 619 3407 regni
634 3329 776 3406 viamque
794 3349 885 3388 unam
908 3329 948 3386 ad
970 3329 1000 3388 id
1023 3349 1083 3386 cer-

181 3421 312 3482 nentem,
334 3409 359 3470 si
381 3430 419 3494 err
442 3409 529 3468 bellis
550 3407 632 3492 bella
653 3407 778 3493 serendo
798 3409 980 3468 succinctus=
991 3408 1085 3470 armis
