2520 3784
167 218 211 284 48
344 233 434 279 r1¹r1
460 233 637 282 n1v1ss
663 234 778 282 vass
807 233 1002 282 counms

262 391 308 455 Ut
328 411 402 454 vero
419 391 483 471 jam
505 391 641 470 equitum
660 391 776 451 clamor
794 392 878 452 exire
894 392 1070 471 jubentium
1086 393 1133 453 in-

223 472 333 545 stabat,
349 472 415 550 jam
436 473 539 548 fragor
561 481 718 542 tectorum,
734 491 811 550 quae
833 472 1043 548 diruebantur,
1060 474 1133 533 ulti·

224 555 281 614 mis
297 553 380 612 urbis
395 550 533 630 partibus
552 551 745 623 audiebatur,
760 551 921 630 pulvisque
937 573 974 612 ex
990 555 1133 614 distanti-

225 633 281 694 bus
296 633 369 694 loeis
384 641 468 692 ortus
483 630 568 693 velut
583 630 664 691 nube
678 632 806 692 inducta
820 633 923 692 omnia
938 634 1131 712 impleverat,

191 711 211 772 5
226 713 348 792 raptim,
363 713 473 793 quibus
489 713 616 790 quisque
630 718 759 789 poterat,
775 712 872 784 elatis,
889 733 958 772 cum
976 714 1069 774 laren]
1094 735 1132 776 ac

226 803 349 874 penates
364 803 512 871 tectaque,
528 793 560 852 in
581 791 692 871 quibus
713 804 804 852 natus
825 793 952 872 quisque
972 795 1132 855 educatus·

226 894 286 953 que
300 883 384 946 esset,
399 873 603 952 relinquentes
619 872 749 946 exirent,
759 874 825 952 jam
841 875 998 935 continens
1020 895 1132 954 agmen

225 954 425 1033 migrantium
451 953 622 1032 inpleverat
647 953 721 1025 vias,
745 968 775 1014 et
800 965 976 1033 conspectus
999 956 1132 1016 aliorum

226 1044 334 1095 mutua
367 1034 560 1094 miseratione
594 1033 768 1111 integrabat
800 1034 952 1108 lacrimas,
982 1034 1132 1115 vocesque

174 1111 213 1173 10
227 1116 318 1175 etiam
353 1113 538 1174 miserabiles
571 1114 825 1189 exaudiebantur,
854 1115 1017 1176 mulierum
1045 1137 1132 1196 prae·

227 1196 324 1274 cipue,
340 1215 408 1255 oum
424 1194 542 1255 obsessa
563 1192 603 1254 ab
625 1195 751 1254 armatis
765 1196 881 1274 templa
901 1206 1032 1275 augusta
1045 1217 1132 1275 prae·

227 1276 354 1338 terirent
368 1296 403 1334 ac
418 1275 504 1335 velut
523 1285 628 1354 captos
649 1275 856 1354 relinquerent
870 1277 949 1337 deos.
992 1277 1132 1356 Egressis

227 1355 334 1417 urbem
348 1355 489 1428 Albanis,
506 1354 664 1416 Romanus
705 1357 794 1416 assim
809 1356 934 1436 publica
948 1357 1132 1436 privataque

228 1438 330 1497 omnia
358 1445 438 1496 tecta
465 1437 618 1515 adaequat
644 1377 718 1509 soii),
740 1457 860 1516 unaque
884 1438 961 1497 hora
985 1439 1134 1517 quadrin-

175 1513 214 1573 15
228 1526 387 1597 gestorum
409 1537 558 1576 annorum
580 1537 663 1596 opus,
686 1517 795 1597 quibus
816 1516 901 1578 Alba
925 1527 1058 1588 steterat,
1079 1538 1133 1578 ex-

229 1598 310 1658 cidio
320 1618 356 1658 ac
367 1596 463 1657 ruinis
475 1597 567 1658 dedit.
610 1597 746 1677 Templis
761 1608 863 1658 tamen
878 1599 969 1658 deum
980 1599 1038 1673 (ita
1048 1599 1132 1659 enim

229 1679 362 1739 edictum
378 1677 418 1737 ab
434 1698 503 1757 rege
516 1678 631 1752 fuerat)
646 1688 848 1758 temperatum
863 1687 915 1740 est.

268 1758 381 1819 XXX.
424 1757 524 1819 Roma
539 1759 660 1818 interim
677 1760 783 1819 crescit
797 1758 899 1820 Albae
919 1759 1024 1820 ruinis.
1066 1759 1133 1819 Du·

227 1840 362 1922 plicatur
377 1840 490 1900 civium
501 1860 661 1913 numerus;
677 1838 798 1899 (laelius
812 1840 937 1901 additur
951 1839 1019 1900 urbi
1034 1860 1132 1913 mons,

175 1915 215 1976 20
230 1931 268 1995 et,
291 1941 350 2001 quo
375 1921 562 1999 frequentius
587 1919 788 1993 habitaretur,
810 1941 877 1980 eam
899 1921 999 1981 sedem
1021 1919 1132 1980 Tullus

231 2004 332 2082 regiae
347 2002 438 2081 capit,
455 2000 558 2080 ibique
572 2001 681 2061 deinde
695 1999 856 2062 habitavit.
899 2001 1056 2079 Principes
1077 2000 1133 2060 Al·

232 2083 380 2145 banorum
402 2083 434 2142 in
455 2089 615 2162 putreant
637 2101 673 2142 ea
695 2101 814 2160 quoque
834 2102 904 2160 pars
925 2083 968 2141 rei
990 2081 1134 2160 publicae

234 2173 387 2232 cresceret,
408 2162 492 2241 legit,
513 2161 639 2235 Tullios,
664 2160 817 2234 Serviliae,
841 2161 1011 2236 Quinctios,
1033 2161 1133 2239 Gega-

233 2245 307 2317 nios,
333 2242 493 2314 Curiatios,
519 2242 666 2315 Cloeli0s;
687 2241 895 2321 templumque
919 2243 1019 2302 ordini
1040 2241 1079 2300 ab
1099 2261 1133 2302 se

177 2329 216 2390 25
233 2333 323 2385 aucto
345 2324 460 2383 curiam
482 2323 563 2397 fecit,
578 2343 656 2402 quae
680 2321 816 2382 Hostilia
837 2342 930 2400 usque
951 2321 991 2381 ad
1009 2331 1133 2400 patrum

231 2414 401 2466 nostrorum
431 2412 561 2464 aetatem
589 2402 746 2483 appellata
773 2412 825 2462 est.
868 2402 911 2462 Et
934 2412 968 2461 ut
996 2402 1134 2462 omnium

230 2485 370 2545 ordinum
386 2484 503 2544 viribus
518 2484 635 2562 aliquid
657 2491 695 2544 ex
717 2503 796 2544 novo
817 2482 930 2562 populo
950 2482 1133 2554 adiceretur,

231 2565 367 2644 equitum
389 2565 492 2624 decem
514 2574 630 2624 turmas
651 2585 690 2624 ex
705 2562 839 2623 Albanis
859 2563 942 2642 legit,
957 2562 1089 2641 legiones
1103 2571 1136 2622 et

231 2656 345 2708 veteres
360 2645 462 2705 eodem
478 2645 688 2723 supplemento
700 2644 837 2722 explevit
851 2654 881 2702 et
895 2664 989 2704 novas
1003 2642 1134 2720 scripsit.

178 2731 217 2792 30
271 2726 341 2786 Hae
356 2726 469 2784 fiducia
484 2725 596 2785 virium
613 2725 722 2784 Tullus
744 2724 864 2784 Sabinis
882 2723 997 2783 bellum
1014 2723 1135 2795 indicit,

231 2806 315 2886 genti
342 2826 379 2866 ea
406 2813 585 2884 tempestate
612 2805 778 2864 secundum
803 2804 947 2864 Etruscos
970 2803 1135 2882 opulentis·

230 2887 325 2946 simae
345 2886 418 2946 viris
440 2885 600 2963 armisque.
642 2885 807 2962 Utrimque
828 2884 958 2964 injuriae
979 2886 1079 2943 i'actae
1097 2903 1136 2944 ae

230 2987 278 3026 res
299 2967 484 3045 nequiquam
505 2974 593 3024 erant
614 2966 777 3044 repetitae:
799 2964 908 3023 Tullus
925 2964 964 3023 ad
984 2963 1137 3024 Feroniae

231 3047 336 3106 fanum
352 3055 488 3106 mercatu
503 3045 655 3124 frequenti
673 3044 874 3123 negotiatores
896 3044 1050 3104 Romanos
1065 3063 1136 3102 con-

178 3129 217 3190 35
232 3126 392 3266 prehensos
419 3125 617 3204 querebatur;
639 3125 754 3197 Sabini,
776 3145 877 3185 servos
904 3144 972 3183 suos
997 3123 1082 3202 prius
1102 3123 1136 3182 in

247 3226 336 3266 noum
360 3206 531 3283 confugisse
553 3224 589 3264 ac
614 3204 731 3266 Romae
751 3215 891 3265 retentos
933 3204 1005 3264 Hae
1026 3223 1137 3263 causae

232 3285 305 3347 belli
322 3285 505 3345 ferebantur.

273 3364 388 3437 Sabini,
413 3365 490 3424 haut
513 3381 621 3442 parum
646 3383 801 3438 memores,
822 3371 852 3424 et
876 3383 1000 3424 suarum
1020 3362 1137 3426 virium

233 3445 352 3525 partem
373 3445 490 3505 Rornae
513 3442 553 3504 ab
573 3441 662 3505 Tatio
686 3443 819 3518 locatam
835 3453 866 3505 et
883 3444 1055 3506 Romanam
1070 3461 1137 3504 rem
