2562 3788
149 225 215 288 216
316 240 408 286 τιτι
436 240 533 288 n1v1
565 241 621 286 nn
648 241 763 289 vnce
789 241 981 288 eorunm

203 405 253 458 tae
280 415 365 456 reum
393 405 594 457 accusarunt:
631 396 730 457 filium
758 407 882 476 captum
917 399 983 459 sine
1018 400 1119 478 pretio

204 477 367 549 redditum,
392 476 591 557 omnibusque
618 477 687 538 aliis
715 477 803 538 rebus
831 478 1014 556 Scipionem,
1040 490 1119 556 tam7

204 577 295 638 quam
317 558 349 615 in
371 557 435 635 ejus
456 557 547 616 unius
568 576 661 616 manu
685 578 747 637 pax
773 558 914 618 Romana
939 559 1120 638 bellumque

146 675 147 678 =
204 646 289 710 esset,
306 636 346 696 ab
362 636 518 697 Antiocho
538 637 673 711 cultum;
695 638 874 698 dictatorcm
896 659 966 698 enm
988 641 1118 712 consuli,

172 720 265 780 bnon
286 717 420 796 legatum
441 717 473 776 in
494 717 654 796 provincia
668 717 775 788 fuisse;
796 737 853 778 nec
874 719 913 778 ad
935 719 1030 779 aliam
1052 741 1118 780 rem

205 819 239 858 eo
260 797 430 876 profectum
450 817 543 875 quam
565 805 607 869 ut,
622 797 654 856 id
676 798 758 876 quod
780 797 959 877 Hispaniae,
982 799 1117 873 Galliae,

205 878 337 950 Siciliae,
356 876 483 937 Africae
506 877 572 956 jam
597 878 714 956 pridem
739 898 916 958 persuasum
943 890 1030 952 esset,
1056 880 1116 940 hoc

205 957 354 1020 Graeciae
363 956 516 1036 Asiaeque
527 968 557 1018 et
568 959 707 1019 omnibus
719 959 759 1018 ad
770 961 918 1019 orientem
928 961 1024 1021 versis
1039 961 1118 1039 regi·

206 1039 262 1100 bus
289 1037 490 1117 gentibusque
517 1038 687 1117 adpareret,
716 1059 811 1099 unum
840 1040 992 1100 hominem
1022 1049 1120 1120 caput

154 1119 193 1180 10
207 1118 406 1197 columenque
426 1119 546 1197 imperii
568 1119 701 1178 Romani
722 1139 792 1191 esse,
806 1119 863 1179 sub
877 1120 988 1181 umbra
1001 1120 1119 1201 Scipio-

99 1259 104 1264 .
206 1200 254 1259 nis
268 1199 422 1259 civitatem
437 1198 591 1258 dominam
613 1200 694 1259 orbis
715 1208 865 1260 terrarum
886 1200 991 1273 latere,
1005 1211 1118 1262 nutum

206 1281 270 1360 ejus
284 1300 338 1359 pro
353 1279 480 1339 decretis
501 1288 632 1357 patrum,
647 1300 702 1359 pro
723 1279 829 1358 populi
847 1281 937 1359 jussis
952 1301 1023 1342 esse.
1067 1281 1119 1341 In-

206 1359 300 1420 famia
321 1360 471 1420 intactum
492 1360 618 1432 invidia,
641 1380 702 1439 qua
722 1370 856 1439 possunt,
879 1369 996 1440 urgent.
1040 1361 1119 1422 Ora·

206 1440 339 1501 tionibus
353 1441 385 1499 in
400 1448 518 1500 noctem
534 1441 696 1518 perductis,
711 1440 850 1520 prodicta
871 1440 933 1501 dies
954 1451 1008 1501 est.
1052 1441 1119 1503 Ubi

154 1521 193 1581 15
207 1541 243 1580 ea
263 1521 356 1593 venit,
377 1519 494 1581 tribuni
515 1521 548 1580 in
569 1521 673 1580 rostris
694 1521 794 1601 prima
815 1520 884 1580 luce
904 1519 1118 1582 consederunt

207 1600 326 1662 Citatus
348 1621 416 1661 reus
437 1621 547 1679 magno
568 1601 690 1680 agmine
708 1602 877 1665 amicorum
896 1601 1119 1680 clientiumque

207 1702 261 1761 per
282 1681 411 1741 mediam
434 1682 604 1741 contionem
625 1681 665 1742 ad
688 1691 785 1741 rostra
809 1681 912 1754 subiit,
933 1681 1119 1760 silentioque

207 1762 297 1835 facto,
314 1761 420 1822 “hoc'’
442 1762 542 1840 inquit
564 1762 649 1834 “die,
664 1762 779 1822 tribuni
801 1761 898 1840 plebis
912 1782 1026 1840 vosque
1042 1762 1119 1838 Qui-

206 1843 288 1916 rites,
303 1863 371 1902 curn
388 1842 566 1902 Hannibale
581 1852 610 1903 ct
624 1841 925 1920 Carthaginiensibus
939 1841 1034 1920 signis
1050 1863 1119 1902 con·

154 1923 194 1984 20
208 1924 278 1984 latis
292 1923 325 1982 in
336 1922 445 1983 Africa
459 1923 535 1983 bene
546 1943 582 1983 ac
593 1922 722 1990 feliciter
736 1922 881 2000 pugnavi.
924 1922 1035 2001 Itaque
1047 1943 1118 1982 cum

208 2004 298 2065 hodie
318 2003 423 2064 litibus
444 2013 474 2064 et
489 2003 603 2082 ,jurgiis
627 2003 813 2080 supersederi
835 2022 965 2081 aequum
990 2003 1040 2076 sit,
1063 2023 1118 2081 ego

207 2085 279 2145 hinc
307 2084 461 2162 extemplo
488 2085 521 2141 in
550 2083 734 2162 Capitolium
753 2083 793 2142 ad
821 2083 931 2144 «lovem
965 2083 1119 2162 optimum

207 2165 386 2236 maximum,
421 2165 636 2242 Junonemque
670 2172 700 2223 et
734 2163 907 2224 Minervam
942 2173 1119 2242 ceterosque

207 2246 286 2318 deos,
302 2246 355 2324 qui
368 2244 520 2324 Capitolio
542 2254 633 2323 atque
653 2243 716 2304 arci
739 2243 919 2324 praesident,
938 2243 1119 2304 salutandos

154 2326 193 2387 25
208 2326 267 2398 ib0,
283 2326 379 2404 iisque
392 2325 507 2404 gratias
520 2344 619 2404 agam,
635 2324 715 2403 quod
738 2323 813 2382 mihi
827 2333 857 2383 et
871 2324 928 2384 hoc
943 2323 1009 2402 ipso
1024 2323 1076 2384 die
1089 2338 1119 2384 et

207 2426 296 2486 saepe
319 2406 395 2466 alias
420 2405 538 2484 egregie
565 2404 716 2484 gerendae
744 2404 788 2463 rei
815 2403 956 2482 publicae
983 2413 1117 2464 mentem

207 2487 445 2566 facultatemque
476 2486 633 2547 dederunt.
687 2485 829 2546 vestram
859 2503 978 2562 quoque
1006 2484 1119 2563 quibus

208 2567 398 2628 commodum
420 2575 474 2641 est,
496 2567 641 2645 Quirites,
664 2565 705 2625 ite
728 2585 854 2634 mecum,
876 2572 906 2623 et
930 2572 1014 2626 orate
1035 2563 1118 2636 deos,

206 2657 242 2708 ut
266 2647 325 2707 mei
349 2647 462 2708 similes
490 2648 642 2724 principes
671 2645 816 2716 habeatis,
842 2645 894 2716 ita,
914 2643 940 2704 si
964 2643 1005 2704 ab
1029 2646 1119 2704 annis

158 2730 197 2790 30
211 2727 422 2806 septemdecim
457 2726 496 2785 ad
530 2733 712 2786 senectutem
746 2743 863 2802 semper
894 2741 948 2782 vos
982 2731 1114 2782 aetatem

212 2827 310 2867 meam
324 2805 487 2866 honoribus
501 2806 607 2866 vestris
628 2805 771 2874 anteistis,
785 2822 839 2880 ego
854 2809 968 2862 vestros
985 2800 1115 2860 honores

212 2888 300 2948 rebus
314 2886 452 2965 gerendis
465 2883 638 2963 praecessi.''
658 2939 661 2952 ‚
680 2883 732 2943 Ab
753 2882 855 2952 rostris
872 2881 903 2940 in
925 2879 1113 2958 Capitolium

213 2967 352 3029 escendit.
375 2965 478 3026 Simul.
493 2985 524 3023 se
544 2964 685 3024 universa
706 2963 804 3023 contio
825 2960 937 3023 avertit
957 2969 987 3019 et
1011 2969 1115 3021 secuta
1141 3035 1143 3040 .

206 3050 378 3127 Scipionem
401 3057 453 3120 est,
468 3048 543 3108 adeo
563 3056 599 3107 ut
619 3056 770 3124 postremo
791 3043 908 3103 scribae
923 3043 1117 3122 viatoresque

153 3131 192 3190 35
207 3131 343 3188 tribunos
368 3127 583 3204 relinquerent,
604 3145 660 3186 nec
684 3145 754 3185 cum
776 3123 812 3183 iis
834 3133 953 3202 praeter
973 3123 1118 3184 servilem

207 3207 385 3264 comitatum
400 3215 430 3264 et
444 3225 631 3283 praeconem,
647 3206 700 3283 qui
716 3220 801 3262 reum
816 3223 855 3262 ex
870 3203 973 3264 rostris
988 3203 1116 3276 citabat,

207 3286 367 3360 quisquam
388 3293 470 3342 esset.
512 3283 614 3362 Scipio
636 3303 697 3343 non
717 3284 749 3342 in
771 3283 925 3360 Capitolio
947 3283 1047 3356 modo,
1062 3283 1117 3344 sed

228 3381 260 3420 er
282 3371 377 3420 totam
400 3360 505 3420 urbem
528 3363 631 3420 omnia
655 3362 771 3440 templa
794 3362 883 3422 deum
907 3382 979 3422 cum
1001 3363 1118 3442 populo

207 3382 345 3498 itomano
366 3439 527 3499 circumiit.
568 3440 757 3506 Celebratior
778 3441 803 3500 is
823 3462 919 3520 prope
932 3442 997 3503 dies
1010 3445 1119 3505 lavore
