2568 3782
310 256 313 264 ,
408 212 542 259 nisan
567 212 659 278 111,
685 197 816 262 13-15.
1068 201 1112 266 95

152 389 247 450 qnam
272 368 424 430 trucidari
448 387 574 450 corpora
596 379 706 446 vestra,
731 371 798 451 rapi
823 371 965 452 trahique
987 380 1060 435 ante

153 471 207 511 ora
220 457 325 512 vestra
338 449 481 529 conjuges
495 471 531 511 ac
544 450 655 512 liberos
669 451 743 512 belli
753 453 823 533 jure
836 452 972 514 sinatis.”

193 529 289 591 XIV.
332 529 385 589 Ad
409 530 485 591 haec
509 531 662 592 audienda
686 552 756 593 cum
780 533 964 594 circumfusa
988 554 1060 614 pau-

153 609 243 671 latim
271 609 471 672 multitudino
498 611 696 690 permixtum·
712 615 831 674 senatui
855 622 930 674 esset
954 614 1060 694 populi

153 690 331 764 concilium,
358 699 483 770 repente
509 693 664 773 primores,
692 694 856 754 secessione
882 695 975 768 sacta,
999 695 1059 774 pri·
1093 695 1114 756 ὅ

153 791 284 851 nsquam
319 791 367 831 res
408 791 496 832 nsum
530 772 664 846 daretur,
695 783 855 852 argentum
889 795 1059 854 aurumque

154 873 243 913 omne
263 871 305 912 ex
325 871 368 932 pu
390 851 451 912 lico
475 853 655 933 privatoque
675 855 707 914 in
729 856 827 914 i'orum
849 855 1005 916 conlatum
1025 855 1058 916 in

153 934 256 1012 ignem
275 932 317 992 ad
334 931 367 991 id
384 933 498 1011 raptim
514 933 630 994 factum
645 935 836 1008 conicientes,
851 935 953 996 eodem
969 936 1059 1014 pleri·
1075 959 1105 994 r:

154 1034 212 1092 que
228 1022 325 1074 semet
344 1012 403 1091 ipsi
420 1015 707 1092 praecipitaverunt.
749 1013 827 1074 Cum
848 1036 886 1075 ex
908 1036 942 1076 eo
963 1009 1060 1096 pavor

153 1114 191 1154 ac
208 1093 377 1173 trepidatio
396 1101 493 1154 totam
514 1093 620 1156 urbem
640 1095 828 1173 pervasisset,
843 1095 922 1156 alius
935 1096 1059 1176 insuper
1073 1096 1114 1158 lo
1204 1131 1217 1158 .-

153 1175 306 1236 tumultue
325 1195 365 1235 ex
384 1193 455 1235 arce
475 1175 610 1254 auditur,
622 1195 635 1250 γ
650 1175 755 1236 Turris
769 1175 822 1235 diu
837 1186 978 1256 quassata
992 1197 1059 1256 pro·

154 1255 281 1329 uiderat,
297 1275 410 1336 perque
424 1256 547 1316 ruinam.
559 1255 622 1336 ejus
637 1257 743 1317 cohors
757 1255 927 1317 Poenorum
941 1257 1059 1337 impetu

153 1336 238 1397 facto
259 1357 330 1396 cum
351 1337 472 1416 signum
493 1337 670 1417 imperatori
690 1336 820 1398 dedisset
836 1337 985 1398 nudatam
999 1347 1059 1399 sto»

118 1417 123 1423 ’
153 1416 290 1477 tionibus
307 1417 511 1496 custodiisque
527 1417 624 1479 solitis
640 1418 773 1478 hostium
789 1438 851 1478 esse
868 1418 983 1492 urbem,
997 1439 1059 1479 non

154 1498 365 1559 cunctandum
386 1499 420 1559 in
441 1499 497 1559 tali
519 1500 674 1560 occasione
693 1508 778 1560 ratus
799 1499 972 1572 Hannibal,
986 1500 1058 1560 totis
1073 1499 1112 1560 15

154 1578 274 1639 viribus
295 1581 453 1660 adgressus
474 1580 580 1641 urbem
601 1589 760 1645 momento¹
773 1581 862 1660 cepit,
876 1580 962 1660 signo
976 1580 1058 1655 dato,

153 1667 191 1719 ut
212 1682 315 1722 omnes
337 1662 465 1741 puberes
485 1661 767 1726 interficerentuc‘
778 1661 870 1740 Quod
895 1661 1057 1740 imperium

155 1743 290 1816 crudele,
312 1754 446 1804 ceterum
470 1765 563 1824 propo
587 1743 788 1829 necessarium
812 1742 967 1820 cognitum
994 1741 1059 1820 ipso

137 1885 139 1890 ,
155 1833 268 1886 eventu
282 1834 342 1886 est:
366 1825 417 1886 cui
435 1825 516 1885 enim
536 1826 620 1904 parci
637 1824 738 1904 potuit
758 1845 797 1884 ex
817 1824 864 1896 iis,
880 1823 933 1901 qui
946 1831 999 1882 aut
1015 1821 1059 1882 in·

155 1904 235 1964 elusi
250 1925 318 1966 cum
333 1907 511 1986 conjugibus
526 1927 562 1966 ao
577 1906 679 1966 liberis
693 1905 797 1965 domos
817 1923 908 1984 super
926 1923 958 1963 ee
979 1903 1058 1982 ipsos
1073 1903 1113 1964 20

155 1996 437 2060 concremaverunt,
472 1995 527 2047 aut
560 1986 670 2046 armati
705 1985 827 2046 nullum
861 1993 932 2046 ante
966 1982 1058 2044 finem
1156 1993 1159 2002 ‘

154 2085 278 2146 pugnae
297 2087 391 2146 quam
412 2069 573 2134 morientes
593 2066 751 2128 fecerunt?

198 2145 273 2210 XV.
315 2147 448 2227 Captum
469 2149 614 2228 oppidum
640 2158 684 2208 est
708 2168 777 2208 cum
799 2146 916 2227 ingenti
935 2144 1056 2226 praeda.
1077 2163 1119 2226 ,4.

155 2229 355 2310 Quamquam
379 2229 525 2310 pleraque
549 2227 592 2295 ab
614 2228 744 2294 domnis
765 2227 803 2288 de
823 2228 974 2288 industria
995 2212 1079 2288 cors
1138 2294 1141 2300 ,

154 2319 250 2390 rupta
277 2320 374 2384 erant,
402 2319 433 2371 et
459 2311 492 2370 in
520 2309 663 2370 caedibus
686 2311 741 2370 vix
769 2307 868 2368 ullum
896 2308 1057 2368 discrimen
1072 2303 1117 2370 25¹

155 2391 266 2454 aetatis
281 2393 327 2452 ira
341 2392 463 2464 fecerat,
478 2400 508 2452 et
522 2390 638 2470 captivi
652 2389 783 2450 militum
799 2389 913 2470 praeda
927 2389 1057 2460 fuerant,

155 2481 259 2532 tamen
285 2482 377 2532 etex
402 2473 500 2552 pretio
524 2491 626 2531 rerum
649 2471 843 2532 venditarum
865 2469 1058 2548 aliquantum

155 2553 304 2631 pecuniae
319 2553 475 2614 redactum
489 2572 552 2613 esse
566 2560 692 2624 constat,
708 2562 737 2612 et
751 2551 881 2610 multam
895 2549 1058 2628 pretiosam
1115 2571 1117 2574 ·

153 2631 375 2710 supellectilem
389 2643 563 2712 vestemque
577 2633 697 2694 missam
712 2631 938 2709 Carthaginem.

197 2711 318 2776 Octavo
337 2733 438 2774 mense
459 2734 550 2794 quam
577 2721 716 2792 coeptum
740 2710 910 2792 oppugnari
933 2716 1057 2788 captum
1073 2709 1112 2772 30

153 2792 329 2874 Saguntum
350 2795 474 2874 quidam
496 2795 657 2873 scripsere;
679 2792 751 2852 inde
765 2791 982 2870 Carthaginem
996 2788 1058 2850 No·

154 2895 229 2936 vam
257 2874 291 2936 in
318 2875 446 2935 hiberna
477 2874 686 2937 Hannibalem
717 2872 915 2950 'concessisse3
949 2869 1059 2950 quinto

154 2955 269 3016 deinde
290 2975 390 3018 mense
410 2970 501 3036 quam
523 2954 562 3014 ab
584 2954 770 3032 Carthagine
791 2953 943 3032 profectus
964 2951 1004 3012 sit
1025 2951 1058 3012 in

154 3034 284 3096 Italiam
315 3037 472 3096 ervenisse.
498 3049 500 3056 ’
515 3035 603 3112 Quae
616 3035 642 3105 si
656 3036 701 3094 ita
715 3042 795 3106 sunt,
806 3033 871 3093 fieri
885 3051 945 3092 non
956 3032 1059 3110 potuit

53 3167 65 3194 ,
154 3124 192 3178 ut
220 3115 257 3178 P.
311 3113 443 3176 orneliui
470 3113 516 3175 Ti.
545 3115 741 3195 Sempronius
769 3111 905 3174 consules
922 3109 1057 3184 xsuerint,
1072 3111 1111 3172 35

154 3195 195 3256 ad
218 3216 300 3276 quos
314 3204 344 3258 ot
364 3195 514 3276 principio
536 3195 771 3274 oppugnationis
786 3193 878 3271 legati
893 3191 1057 3270 Saguntini

154 3277 240 3337 missi
255 3277 325 3346 sint,
340 3286 369 3336 et
389 3277 440 3356 qui
462 3278 494 3336 iu
515 3295 569 3336 suo
591 3276 770 3352 magistratu
785 3293 854 3333 cum
868 3271 1057 3342 Hannibale,

154 3357 236 3418 alter
255 3357 295 3416 ad
316 3355 458 3420 Ticinum
471 3375 610 3427 amnem,
631 3355 720 3414 ambo
745 3353 903 3429 aliquanto
927 3357 994 3424 post
1017 3349 1058 3406 ad

154 3435 310 3510 Trebiam,
339 3437 554 3518 pugnaverint.
610 3433 677 3494 Aut
704 3432 807 3492 omnia
833 3427 974 3487 breviora
1004 3425 1058 3484 ali-
