<?xml version="1.0" encoding="UTF-8"?>
<!DOCTYPE html PUBLIC "-//W3C//DTD XHTML 1.0 Transitional//EN"
    "http://www.w3.org/TR/xhtml1/DTD/xhtml1-transitional.dtd">
<html xmlns="http://www.w3.org/1999/xhtml" xml:lang="en" lang="en">
 <head>
  <title>
</title>
<meta http-equiv="Content-Type" content="text/html;charset=utf-8" />
  <meta name='ocr-system' content='tesseract 3.04.00' />
  <meta name='ocr-capabilities' content='ocr_page ocr_carea ocr_par ocr_line ocrx_word'/>
</head>
<body>
  <div class='ocr_page' id='page_1' title='image "./historieslivybo01chasgoog_0077.png"; bbox 0 0 2520 3784; ppageno 0'>
   <div class='ocr_carea' id='block_1_1' title="bbox 147 233 977 302">
    <p class='ocr_par' dir='ltr' id='par_1_1' title="bbox 147 233 977 302">
     <span class='ocr_line' id='line_1_1' title="bbox 147 233 977 302; baseline -0.004 -1"><span class='ocrx_word' id='word_1_1' title='bbox 147 233 190 302; x_wconf 79' lang='lat' dir='ltr'>to</span> <span class='ocrx_word' id='word_1_2' title='bbox 313 253 405 300; x_wconf 82' lang='lat' dir='ltr'>rrrr</span> <span class='ocrx_word' id='word_1_3' title='bbox 431 251 527 301; x_wconf 81' lang='lat' dir='ltr'>nrvr</span> <span class='ocrx_word' id='word_1_4' title='bbox 557 249 612 298; x_wconf 75' lang='lat' dir='ltr'>Aa</span> <span class='ocrx_word' id='word_1_5' title='bbox 638 251 754 300; x_wconf 77' lang='lat' dir='ltr'>varan</span> <span class='ocrx_word' id='word_1_6' title='bbox 784 251 977 300; x_wconf 76' lang='lat' dir='ltr'>counrrn</span> 
     </span>
    </p>
   </div>
   <div class='ocr_carea' id='block_1_2' title="bbox 145 407 1103 3464">
    <p class='ocr_par' dir='ltr' id='par_1_2' title="bbox 198 407 1102 713">
     <span class='ocr_line' id='line_1_2' title="bbox 198 407 1101 488; baseline -0.001 -18"><span class='ocrx_word' id='word_1_7' title='bbox 198 410 319 470; x_wconf 89' lang='lat' dir='ltr'>Latinis</span> <span class='ocrx_word' id='word_1_8' title='bbox 353 409 515 488; x_wconf 82' lang='lat' dir='ltr'>portendi?</span> <span class='ocrx_word' id='word_1_9' title='bbox 570 407 603 469; x_wconf 85' lang='lat' dir='ltr'>Si</span> <span class='ocrx_word' id='word_1_10' title='bbox 630 428 661 468; x_wconf 92' lang='lat' dir='ltr'>se</span> <span class='ocrx_word' id='word_1_11' title='bbox 689 409 826 481; x_wconf 87' lang='lat' dir='ltr'>audiant,</span> <span class='ocrx_word' id='word_1_12' title='bbox 855 407 979 468; x_wconf 81' lang='lat' dir='ltr'>domurn</span> <span class='ocrx_word' id='word_1_13' title='bbox 1013 419 1101 469; x_wconf 87' lang='lat' dir='ltr'>suam</span> 
     </span>
     <span class='ocr_line' id='line_1_3' title="bbox 199 488 1101 570; baseline -0.002 -19"><span class='ocrx_word' id='word_1_14' title='bbox 199 509 348 570; x_wconf 82' lang='lat' dir='ltr'>quemque</span> <span class='ocrx_word' id='word_1_15' title='bbox 375 489 447 548; x_wconf 92' lang='lat' dir='ltr'>inde</span> <span class='ocrx_word' id='word_1_16' title='bbox 474 488 619 560; x_wconf 90' lang='lat' dir='ltr'>abituros,</span> <span class='ocrx_word' id='word_1_17' title='bbox 640 509 738 568; x_wconf 90' lang='lat' dir='ltr'>neque</span> <span class='ocrx_word' id='word_1_18' title='bbox 765 489 861 566; x_wconf 90' lang='lat' dir='ltr'>magis</span> <span class='ocrx_word' id='word_1_19' title='bbox 889 488 1101 550; x_wconf 88' lang='lat' dir='ltr'>observaturos</span> 
     </span>
     <span class='ocr_line' id='line_1_4' title="bbox 200 568 1102 648; baseline -0.002 -18"><span class='ocrx_word' id='word_1_20' title='bbox 200 571 281 630; x_wconf 90' lang='lat' dir='ltr'>diem</span> <span class='ocrx_word' id='word_1_21' title='bbox 316 569 440 630; x_wconf 89' lang='lat' dir='ltr'>concilii</span> <span class='ocrx_word' id='word_1_22' title='bbox 477 589 569 648; x_wconf 88' lang='lat' dir='ltr'>quam</span> <span class='ocrx_word' id='word_1_23' title='bbox 609 570 681 648; x_wconf 92' lang='lat' dir='ltr'>ipse,</span> <span class='ocrx_word' id='word_1_24' title='bbox 717 569 770 648; x_wconf 93' lang='lat' dir='ltr'>qui</span> <span class='ocrx_word' id='word_1_25' title='bbox 809 568 967 640; x_wconf 83' lang='lat' dir='ltr'>indixerit,</span> <span class='ocrx_word' id='word_1_26' title='bbox 1002 569 1102 629; x_wconf 91' lang='lat' dir='ltr'>obser·</span> 
     </span>
     <span class='ocr_line' id='line_1_5' title="bbox 200 652 269 713; baseline -0.043 0"><span class='ocrx_word' id='word_1_27' title='bbox 200 652 269 713; x_wconf 67' lang='lat' dir='ltr'>vet!</span> 
     </span>
    </p>

    <p class='ocr_par' dir='ltr' id='par_1_3' title="bbox 166 727 1102 1130">
     <span class='ocr_line' id='line_1_6' title="bbox 166 727 1101 808; baseline -0.002 -17"><span class='ocrx_word' id='word_1_28' title='bbox 166 731 185 791; x_wconf 84' lang='grc' dir='ltr'>δ</span> <span class='ocrx_word' id='word_1_29' title='bbox 241 731 329 792; x_wconf 88' lang='lat' dir='ltr'>Haec</span> <span class='ocrx_word' id='word_1_30' title='bbox 350 739 442 808; x_wconf 90' lang='lat' dir='ltr'>atque</span> <span class='ocrx_word' id='word_1_31' title='bbox 462 729 524 789; x_wconf 87' lang='lat' dir='ltr'>alia</span> <span class='ocrx_word' id='word_1_32' title='bbox 538 727 643 788; x_wconf 89' lang='lat' dir='ltr'>eodem</span> <span class='ocrx_word' id='word_1_33' title='bbox 658 729 843 806; x_wconf 77' lang='lat' dir='ltr'>pertinentia</span> <span class='ocrx_word' id='word_1_34' title='bbox 857 728 1016 789; x_wconf 91' lang='lat' dir='ltr'>seditiosus</span> <span class='ocrx_word' id='word_1_35' title='bbox 1030 729 1101 790; x_wconf 85' lang='lat' dir='ltr'>faci-</span> 
     </span>
     <span class='ocr_line' id='line_1_7' title="bbox 198 809 1101 890; baseline -0.002 -19"><span class='ocrx_word' id='word_1_36' title='bbox 198 831 381 890; x_wconf 88' lang='lat' dir='ltr'>norosusque</span> <span class='ocrx_word' id='word_1_37' title='bbox 394 812 484 871; x_wconf 88' lang='lat' dir='ltr'>homo</span> <span class='ocrx_word' id='word_1_38' title='bbox 493 809 600 887; x_wconf 89' lang='lat' dir='ltr'>hisque</span> <span class='ocrx_word' id='word_1_39' title='bbox 609 809 726 869; x_wconf 91' lang='lat' dir='ltr'>artibus</span> <span class='ocrx_word' id='word_1_40' title='bbox 736 829 807 888; x_wconf 85' lang='lat' dir='ltr'>opes</span> <span class='ocrx_word' id='word_1_41' title='bbox 818 809 899 869; x_wconf 92' lang='lat' dir='ltr'>domi</span> <span class='ocrx_word' id='word_1_42' title='bbox 911 819 1019 869; x_wconf 88' lang='lat' dir='ltr'>nactus</span> <span class='ocrx_word' id='word_1_43' title='bbox 1031 830 1101 869; x_wconf 89' lang='lat' dir='ltr'>eum</span> 
     </span>
     <span class='ocr_line' id='line_1_8' title="bbox 198 889 1101 968; baseline -0.002 -16"><span class='ocrx_word' id='word_1_44' title='bbox 198 892 334 952; x_wconf 82' lang='lat' dir='ltr'>maxime</span> <span class='ocrx_word' id='word_1_45' title='bbox 358 892 524 962; x_wconf 85' lang='lat' dir='ltr'>dissereret,</span> <span class='ocrx_word' id='word_1_46' title='bbox 546 890 711 951; x_wconf 89' lang='lat' dir='ltr'>intervenit</span> <span class='ocrx_word' id='word_1_47' title='bbox 737 889 930 968; x_wconf 85' lang='lat' dir='ltr'>Tarquinius.</span> <span class='ocrx_word' id='word_1_48' title='bbox 973 889 1004 949; x_wconf 95' lang='lat' dir='ltr'>Is</span> <span class='ocrx_word' id='word_1_49' title='bbox 1032 891 1101 950; x_wconf 87' lang='lat' dir='ltr'>finis</span> 
     </span>
     <span class='ocr_line' id='line_1_9' title="bbox 199 969 1101 1049; baseline -0.002 -17"><span class='ocrx_word' id='word_1_50' title='bbox 199 972 329 1033; x_wconf 88' lang='lat' dir='ltr'>orationi</span> <span class='ocrx_word' id='word_1_51' title='bbox 353 971 421 1031; x_wconf 89' lang='lat' dir='ltr'>fuit.</span> <span class='ocrx_word' id='word_1_52' title='bbox 463 969 574 1030; x_wconf 89' lang='lat' dir='ltr'>Aversi</span> <span class='ocrx_word' id='word_1_53' title='bbox 599 989 702 1030; x_wconf 91' lang='lat' dir='ltr'>omnes</span> <span class='ocrx_word' id='word_1_54' title='bbox 726 969 767 1030; x_wconf 91' lang='lat' dir='ltr'>ad</span> <span class='ocrx_word' id='word_1_55' title='bbox 791 969 994 1049; x_wconf 84' lang='lat' dir='ltr'>Tarquinium</span> <span class='ocrx_word' id='word_1_56' title='bbox 1022 970 1101 1030; x_wconf 87' lang='lat' dir='ltr'>saiu-</span> 
     </span>
     <span class='ocr_line' id='line_1_10' title="bbox 199 1049 1102 1130; baseline -0.002 -18"><span class='ocrx_word' id='word_1_57' title='bbox 199 1053 347 1125; x_wconf 90' lang='lat' dir='ltr'>tandum;</span> <span class='ocrx_word' id='word_1_58' title='bbox 368 1052 430 1130; x_wconf 93' lang='lat' dir='ltr'>qui,</span> <span class='ocrx_word' id='word_1_59' title='bbox 445 1050 565 1112; x_wconf 80' lang='lat' dir='ltr'>silentio</span> <span class='ocrx_word' id='word_1_60' title='bbox 587 1049 678 1122; x_wconf 85' lang='lat' dir='ltr'>facto,</span> <span class='ocrx_word' id='word_1_61' title='bbox 693 1050 827 1111; x_wconf 91' lang='lat' dir='ltr'>monitus</span> <span class='ocrx_word' id='word_1_62' title='bbox 848 1071 866 1110; x_wconf 91' lang='lat' dir='ltr'>a</span> <span class='ocrx_word' id='word_1_63' title='bbox 885 1050 1052 1128; x_wconf 86' lang='lat' dir='ltr'>proxumis,</span> <span class='ocrx_word' id='word_1_64' title='bbox 1066 1060 1102 1111; x_wconf 92' lang='lat' dir='ltr'>ut</span> 
     </span>
    </p>

    <p class='ocr_par' dir='ltr' id='par_1_4' title="bbox 147 1129 1102 1533">
     <span class='ocr_line' id='line_1_11' title="bbox 147 1129 1101 1212; baseline 0 -22"><span class='ocrx_word' id='word_1_65' title='bbox 147 1129 186 1191; x_wconf 89' lang='lat'>10</span> <span class='ocrx_word' id='word_1_66' title='bbox 199 1142 344 1212; x_wconf 88' lang='lat' dir='ltr'>purgaret</span> <span class='ocrx_word' id='word_1_67' title='bbox 357 1153 397 1205; x_wconf 91' lang='lat' dir='ltr'>se,</span> <span class='ocrx_word' id='word_1_68' title='bbox 412 1131 492 1210; x_wconf 93' lang='lat' dir='ltr'>quod</span> <span class='ocrx_word' id='word_1_69' title='bbox 507 1131 538 1190; x_wconf 94' lang='lat' dir='ltr'>id</span> <span class='ocrx_word' id='word_1_70' title='bbox 555 1130 699 1208; x_wconf 88' lang='lat' dir='ltr'>temporis</span> <span class='ocrx_word' id='word_1_71' title='bbox 713 1131 852 1204; x_wconf 90' lang='lat' dir='ltr'>venisset,</span> <span class='ocrx_word' id='word_1_72' title='bbox 868 1130 1101 1211; x_wconf 81' lang='lat' dir='ltr'>disceptatorem</span> 
     </span>
     <span class='ocr_line' id='line_1_12' title="bbox 199 1210 1102 1292; baseline -0.001 -19"><span class='ocrx_word' id='word_1_73' title='bbox 199 1213 244 1273; x_wconf 90' lang='lat' dir='ltr'>ait</span> <span class='ocrx_word' id='word_1_74' title='bbox 265 1234 296 1274; x_wconf 92' lang='lat' dir='ltr'>se</span> <span class='ocrx_word' id='word_1_75' title='bbox 317 1221 472 1292; x_wconf 90' lang='lat' dir='ltr'>sumptum</span> <span class='ocrx_word' id='word_1_76' title='bbox 496 1212 575 1271; x_wconf 91' lang='lat' dir='ltr'>inter</span> <span class='ocrx_word' id='word_1_77' title='bbox 596 1219 715 1290; x_wconf 91' lang='lat' dir='ltr'>patrem</span> <span class='ocrx_word' id='word_1_78' title='bbox 737 1220 768 1271; x_wconf 92' lang='lat' dir='ltr'>et</span> <span class='ocrx_word' id='word_1_79' title='bbox 789 1210 898 1282; x_wconf 91' lang='lat' dir='ltr'>filium,</span> <span class='ocrx_word' id='word_1_80' title='bbox 913 1229 986 1271; x_wconf 86' lang='lat' dir='ltr'>cura</span> <span class='ocrx_word' id='word_1_81' title='bbox 1001 1231 1102 1272; x_wconf 89' lang='lat' dir='ltr'>recon-</span> 
     </span>
     <span class='ocr_line' id='line_1_13' title="bbox 199 1292 1101 1372; baseline -0.001 -19"><span class='ocrx_word' id='word_1_82' title='bbox 199 1293 325 1354; x_wconf 87' lang='lat' dir='ltr'>ciliandi</span> <span class='ocrx_word' id='word_1_83' title='bbox 339 1293 394 1353; x_wconf 91' lang='lat' dir='ltr'>eos&#39;</span> <span class='ocrx_word' id='word_1_84' title='bbox 403 1293 433 1352; x_wconf 93' lang='lat' dir='ltr'>in</span> <span class='ocrx_word' id='word_1_85' title='bbox 449 1293 581 1372; x_wconf 85' lang='lat' dir='ltr'>gratiam</span> <span class='ocrx_word' id='word_1_86' title='bbox 595 1300 748 1352; x_wconf 88' lang='lat' dir='ltr'>moratum</span> <span class='ocrx_word' id='word_1_87' title='bbox 763 1311 833 1364; x_wconf 91' lang='lat' dir='ltr'>esse,</span> <span class='ocrx_word' id='word_1_88' title='bbox 849 1300 888 1363; x_wconf 89' lang='lat' dir='ltr'>et,</span> <span class='ocrx_word' id='word_1_89' title='bbox 903 1292 976 1370; x_wconf 87' lang='lat' dir='ltr'>quia</span> <span class='ocrx_word' id='word_1_90' title='bbox 997 1313 1033 1352; x_wconf 89' lang='lat' dir='ltr'>ea</span> <span class='ocrx_word' id='word_1_91' title='bbox 1054 1311 1101 1352; x_wconf 90' lang='lat' dir='ltr'>res</span> 
     </span>
     <span class='ocr_line' id='line_1_14' title="bbox 199 1372 1102 1452; baseline -0.002 -18"><span class='ocrx_word' id='word_1_92' title='bbox 199 1374 358 1434; x_wconf 86' lang='lat' dir='ltr'>exemisset</span> <span class='ocrx_word' id='word_1_93' title='bbox 387 1373 475 1432; x_wconf 81' lang='lat' dir='ltr'>illurn</span> <span class='ocrx_word' id='word_1_94' title='bbox 503 1373 594 1446; x_wconf 90' lang='lat' dir='ltr'>diem,</span> <span class='ocrx_word' id='word_1_95' title='bbox 618 1380 739 1452; x_wconf 88' lang='lat' dir='ltr'>postero</span> <span class='ocrx_word' id='word_1_96' title='bbox 767 1372 818 1431; x_wconf 94' lang='lat' dir='ltr'>die</span> <span class='ocrx_word' id='word_1_97' title='bbox 844 1381 994 1444; x_wconf 87' lang='lat' dir='ltr'>acturum,</span> <span class='ocrx_word' id='word_1_98' title='bbox 1024 1392 1102 1451; x_wconf 89' lang='lat' dir='ltr'>quae</span> 
     </span>
     <span class='ocr_line' id='line_1_15' title="bbox 199 1451 1102 1533; baseline -0.002 -19"><span class='ocrx_word' id='word_1_99' title='bbox 199 1453 409 1514; x_wconf 87' lang='lat' dir='ltr'>constituisset.</span> <span class='ocrx_word' id='word_1_100' title='bbox 446 1453 495 1514; x_wconf 90' lang='lat' dir='ltr'>Ne</span> <span class='ocrx_word' id='word_1_101' title='bbox 508 1454 540 1512; x_wconf 93' lang='lat' dir='ltr'>id</span> <span class='ocrx_word' id='word_1_102' title='bbox 552 1453 676 1533; x_wconf 92' lang='lat' dir='ltr'>quidem</span> <span class='ocrx_word' id='word_1_103' title='bbox 690 1452 730 1514; x_wconf 96' lang='lat' dir='ltr'>ab</span> <span class='ocrx_word' id='word_1_104' title='bbox 740 1451 846 1512; x_wconf 91' lang='lat' dir='ltr'>Turno</span> <span class='ocrx_word' id='word_1_105' title='bbox 857 1452 961 1512; x_wconf 91' lang='lat' dir='ltr'>tulisse</span> <span class='ocrx_word' id='word_1_106' title='bbox 973 1454 1102 1514; x_wconf 90' lang='lat' dir='ltr'>tacitum</span> 
     </span>
    </p>

    <p class='ocr_par' dir='ltr' id='par_1_5' title="bbox 147 1528 1102 1836">
     <span class='ocr_line' id='line_1_16' title="bbox 147 1528 1100 1612; baseline 0 -20"><span class='ocrx_word' id='word_1_107' title='bbox 147 1528 185 1592; x_wconf 80' lang='grc'>15</span> <span class='ocrx_word' id='word_1_108' title='bbox 199 1535 317 1606; x_wconf 78' lang='lat' dir='ltr'>ferunt3</span> <span class='ocrx_word' id='word_1_109' title='bbox 343 1534 454 1594; x_wconf 90' lang='lat' dir='ltr'>dixisse</span> <span class='ocrx_word' id='word_1_110' title='bbox 475 1533 565 1606; x_wconf 90' lang='lat' dir='ltr'>enim,</span> <span class='ocrx_word' id='word_1_111' title='bbox 586 1533 705 1594; x_wconf 87' lang='lat' dir='ltr'>nullam</span> <span class='ocrx_word' id='word_1_112' title='bbox 726 1532 895 1595; x_wconf 89' lang='lat' dir='ltr'>breviorem</span> <span class='ocrx_word' id='word_1_113' title='bbox 917 1553 979 1593; x_wconf 91' lang='lat' dir='ltr'>esse</span> <span class='ocrx_word' id='word_1_114' title='bbox 1000 1533 1100 1612; x_wconf 90' lang='lat' dir='ltr'>cogni-</span> 
     </span>
     <span class='ocr_line' id='line_1_17' title="bbox 199 1613 1102 1694; baseline -0.003 -18"><span class='ocrx_word' id='word_1_115' title='bbox 199 1616 310 1676; x_wconf 88' lang='lat' dir='ltr'>tionem</span> <span class='ocrx_word' id='word_1_116' title='bbox 328 1635 420 1694; x_wconf 91' lang='lat' dir='ltr'>quam</span> <span class='ocrx_word' id='word_1_117' title='bbox 441 1615 520 1675; x_wconf 89' lang='lat' dir='ltr'>inter</span> <span class='ocrx_word' id='word_1_118' title='bbox 541 1623 660 1692; x_wconf 90' lang='lat' dir='ltr'>patrem</span> <span class='ocrx_word' id='word_1_119' title='bbox 674 1623 704 1675; x_wconf 92' lang='lat' dir='ltr'>et</span> <span class='ocrx_word' id='word_1_120' title='bbox 718 1613 827 1684; x_wconf 90' lang='lat' dir='ltr'>filium,</span> <span class='ocrx_word' id='word_1_121' title='bbox 843 1613 1006 1692; x_wconf 84' lang='lat' dir='ltr'>paucisque</span> <span class='ocrx_word' id='word_1_122' title='bbox 1021 1621 1102 1674; x_wconf 90' lang='lat' dir='ltr'>tran-</span> 
     </span>
     <span class='ocr_line' id='line_1_18' title="bbox 197 1693 1102 1774; baseline -0.001 -19"><span class='ocrx_word' id='word_1_123' title='bbox 197 1696 255 1774; x_wconf 86' lang='lat' dir='ltr'>sigi</span> <span class='ocrx_word' id='word_1_124' title='bbox 278 1695 378 1757; x_wconf 88' lang='lat' dir='ltr'>verbis</span> <span class='ocrx_word' id='word_1_125' title='bbox 398 1715 499 1774; x_wconf 89' lang='lat' dir='ltr'>posse:</span> <span class='ocrx_word' id='word_1_126' title='bbox 521 1695 554 1754; x_wconf 93' lang='lat' dir='ltr'>ni</span> <span class='ocrx_word' id='word_1_127' title='bbox 574 1704 681 1774; x_wconf 91' lang='lat' dir='ltr'>pareat</span> <span class='ocrx_word' id='word_1_128' title='bbox 701 1695 792 1774; x_wconf 88' lang='lat' dir='ltr'>patri,</span> <span class='ocrx_word' id='word_1_129' title='bbox 811 1693 990 1754; x_wconf 92' lang='lat' dir='ltr'>habiturum</span> <span class='ocrx_word' id='word_1_130' title='bbox 1010 1695 1102 1754; x_wconf 89' lang='lat' dir='ltr'>infor·</span> 
     </span>
     <span class='ocr_line' id='line_1_19' title="bbox 198 1776 410 1836; baseline -0.005 0"><span class='ocrx_word' id='word_1_131' title='bbox 198 1776 319 1836; x_wconf 89' lang='lat' dir='ltr'>tunium</span> <span class='ocrx_word' id='word_1_132' title='bbox 340 1795 410 1836; x_wconf 89' lang='lat' dir='ltr'>esse.</span> 
     </span>
    </p>

    <p class='ocr_par' dir='ltr' id='par_1_6' title="bbox 241 1853 1102 1936">
     <span class='ocr_line' id='line_1_20' title="bbox 241 1853 1102 1936; baseline 0.001 -20"><span class='ocrx_word' id='word_1_133' title='bbox 241 1855 295 1916; x_wconf 89' lang='lat' dir='ltr'>LI.</span> <span class='ocrx_word' id='word_1_134' title='bbox 338 1856 424 1916; x_wconf 87' lang='lat' dir='ltr'>Haeo</span> <span class='ocrx_word' id='word_1_135' title='bbox 433 1853 578 1916; x_wconf 90' lang='lat' dir='ltr'>Aricinus</span> <span class='ocrx_word' id='word_1_136' title='bbox 593 1855 624 1914; x_wconf 94' lang='lat' dir='ltr'>in</span> <span class='ocrx_word' id='word_1_137' title='bbox 639 1875 740 1934; x_wconf 88' lang='lat' dir='ltr'>regem</span> <span class='ocrx_word' id='word_1_138' title='bbox 756 1855 930 1917; x_wconf 83' lang='lat' dir='ltr'>Romanum</span> <span class='ocrx_word' id='word_1_139' title='bbox 942 1857 1102 1936; x_wconf 88' lang='lat' dir='ltr'>increpans</span> 
     </span>
    </p>

    <p class='ocr_par' dir='ltr' id='par_1_7' title="bbox 145 1931 1103 2337">
     <span class='ocr_line' id='line_1_21' title="bbox 145 1931 1102 2016; baseline 0.004 -23"><span class='ocrx_word' id='word_1_140' title='bbox 145 1931 186 1993; x_wconf 81' lang='lat'>20</span> <span class='ocrx_word' id='word_1_141' title='bbox 199 1957 238 1997; x_wconf 93' lang='lat' dir='ltr'>ex</span> <span class='ocrx_word' id='word_1_142' title='bbox 253 1936 381 1998; x_wconf 88' lang='lat' dir='ltr'>concilio</span> <span class='ocrx_word' id='word_1_143' title='bbox 400 1935 486 1997; x_wconf 90' lang='lat' dir='ltr'>abiit.</span> <span class='ocrx_word' id='word_1_144' title='bbox 526 1935 630 2012; x_wconf 78' lang='lat' dir='ltr'>Quam</span> <span class='ocrx_word' id='word_1_145' title='bbox 652 1956 716 1995; x_wconf 78' lang='lat' dir='ltr'>rein</span> <span class='ocrx_word' id='word_1_146' title='bbox 737 1936 922 2015; x_wconf 83' lang='lat' dir='ltr'>Tarquinius</span> <span class='ocrx_word' id='word_1_147' title='bbox 944 1936 1102 2016; x_wconf 87' lang='lat' dir='ltr'>aliquanto</span> 
     </span>
     <span class='ocr_line' id='line_1_22' title="bbox 199 2016 1102 2096; baseline 0.001 -21"><span class='ocrx_word' id='word_1_148' title='bbox 199 2037 290 2096; x_wconf 90' lang='lat' dir='ltr'>quam</span> <span class='ocrx_word' id='word_1_149' title='bbox 302 2016 465 2078; x_wconf 91' lang='lat' dir='ltr'>videbatur</span> <span class='ocrx_word' id='word_1_150' title='bbox 475 2018 595 2095; x_wconf 83' lang='lat' dir='ltr'>aegrius</span> <span class='ocrx_word' id='word_1_151' title='bbox 606 2017 703 2076; x_wconf 88' lang='lat' dir='ltr'>ferens</span> <span class='ocrx_word' id='word_1_152' title='bbox 714 2017 871 2078; x_wconf 83' lang='lat' dir='ltr'>confestim</span> <span class='ocrx_word' id='word_1_153' title='bbox 883 2017 986 2077; x_wconf 90' lang='lat' dir='ltr'>Turno</span> <span class='ocrx_word' id='word_1_154' title='bbox 998 2038 1102 2078; x_wconf 89' lang='lat' dir='ltr'>necem</span> 
     </span>
     <span class='ocr_line' id='line_1_23' title="bbox 201 2097 1102 2176; baseline 0.002 -19"><span class='ocrx_word' id='word_1_155' title='bbox 201 2097 404 2170; x_wconf 88' lang='lat' dir='ltr'>machinatur,</span> <span class='ocrx_word' id='word_1_156' title='bbox 420 2107 454 2169; x_wconf 93' lang='lat' dir='ltr'>ut</span> <span class='ocrx_word' id='word_1_157' title='bbox 468 2097 597 2156; x_wconf 89' lang='lat' dir='ltr'>eundem</span> <span class='ocrx_word' id='word_1_158' title='bbox 612 2106 766 2171; x_wconf 88' lang='lat' dir='ltr'>terrorem,</span> <span class='ocrx_word' id='word_1_159' title='bbox 782 2118 841 2176; x_wconf 92' lang='lat' dir='ltr'>quo</span> <span class='ocrx_word' id='word_1_160' title='bbox 857 2098 970 2158; x_wconf 87' lang='lat' dir='ltr'>civium</span> <span class='ocrx_word' id='word_1_161' title='bbox 985 2099 1102 2159; x_wconf 90' lang='lat' dir='ltr'>animos</span> 
     </span>
     <span class='ocr_line' id='line_1_24' title="bbox 202 2175 1103 2258; baseline 0 -20"><span class='ocrx_word' id='word_1_162' title='bbox 202 2175 285 2238; x_wconf 88' lang='lat' dir='ltr'>domi</span> <span class='ocrx_word' id='word_1_163' title='bbox 305 2186 502 2256; x_wconf 87' lang='lat' dir='ltr'>oppresserat,</span> <span class='ocrx_word' id='word_1_164' title='bbox 517 2177 636 2238; x_wconf 89' lang='lat' dir='ltr'>Latinis</span> <span class='ocrx_word' id='word_1_165' title='bbox 657 2178 790 2238; x_wconf 85' lang='lat' dir='ltr'>iniceret.</span> <span class='ocrx_word' id='word_1_166' title='bbox 833 2177 876 2238; x_wconf 88' lang='lat' dir='ltr'>Et</span> <span class='ocrx_word' id='word_1_167' title='bbox 890 2179 962 2257; x_wconf 89' lang='lat' dir='ltr'>quia</span> <span class='ocrx_word' id='word_1_168' title='bbox 976 2199 1031 2258; x_wconf 90' lang='lat' dir='ltr'>pro</span> <span class='ocrx_word' id='word_1_169' title='bbox 1048 2180 1103 2238; x_wconf 91' lang='lat' dir='ltr'>im·</span> 
     </span>
     <span class='ocr_line' id='line_1_25' title="bbox 202 2257 1102 2337; baseline 0.001 -19"><span class='ocrx_word' id='word_1_170' title='bbox 202 2258 286 2337; x_wconf 89' lang='lat' dir='ltr'>perio</span> <span class='ocrx_word' id='word_1_171' title='bbox 301 2259 404 2336; x_wconf 90' lang='lat' dir='ltr'>palam</span> <span class='ocrx_word' id='word_1_172' title='bbox 416 2257 544 2318; x_wconf 89' lang='lat' dir='ltr'>interfici</span> <span class='ocrx_word' id='word_1_173' title='bbox 556 2278 615 2318; x_wconf 93' lang='lat' dir='ltr'>non</span> <span class='ocrx_word' id='word_1_174' title='bbox 628 2267 756 2337; x_wconf 87' lang='lat' dir='ltr'>poterat,</span> <span class='ocrx_word' id='word_1_175' title='bbox 765 2257 868 2318; x_wconf 89' lang='lat' dir='ltr'>oblato</span> <span class='ocrx_word' id='word_1_176' title='bbox 883 2258 960 2318; x_wconf 88' lang='lat' dir='ltr'>falso</span> <span class='ocrx_word' id='word_1_177' title='bbox 974 2259 1102 2319; x_wconf 88' lang='lat' dir='ltr'>crimine</span> 
     </span>
    </p>

    <p class='ocr_par' dir='ltr' id='par_1_8' title="bbox 145 2338 1103 2740">
     <span class='ocr_line' id='line_1_26' title="bbox 145 2338 1102 2418; baseline 0 -20"><span class='ocrx_word' id='word_1_178' title='bbox 145 2347 186 2408; x_wconf 81' lang='grc'>25</span> <span class='ocrx_word' id='word_1_179' title='bbox 202 2341 351 2398; x_wconf 85' lang='lat' dir='ltr'>insontem</span> <span class='ocrx_word' id='word_1_180' title='bbox 366 2339 521 2417; x_wconf 87' lang='lat' dir='ltr'>oppressit.</span> <span class='ocrx_word' id='word_1_181' title='bbox 564 2338 623 2398; x_wconf 91' lang='lat' dir='ltr'>Per</span> <span class='ocrx_word' id='word_1_182' title='bbox 642 2339 786 2400; x_wconf 88' lang='lat' dir='ltr'>adversae</span> <span class='ocrx_word' id='word_1_183' title='bbox 801 2338 940 2399; x_wconf 85' lang='lat' dir='ltr'>factionis</span> <span class='ocrx_word' id='word_1_184' title='bbox 955 2339 1102 2418; x_wconf 89' lang='lat' dir='ltr'>quosdam</span> 
     </span>
     <span class='ocr_line' id='line_1_27' title="bbox 199 2418 1103 2498; baseline -0.002 -18"><span class='ocrx_word' id='word_1_185' title='bbox 199 2418 341 2480; x_wconf 88' lang='lat' dir='ltr'>Aricinos</span> <span class='ocrx_word' id='word_1_186' title='bbox 355 2439 474 2479; x_wconf 87' lang='lat' dir='ltr'>servum</span> <span class='ocrx_word' id='word_1_187' title='bbox 490 2418 587 2478; x_wconf 89' lang='lat' dir='ltr'>Turni</span> <span class='ocrx_word' id='word_1_188' title='bbox 602 2439 676 2480; x_wconf 88' lang='lat' dir='ltr'>auro</span> <span class='ocrx_word' id='word_1_189' title='bbox 692 2419 836 2498; x_wconf 88' lang='lat' dir='ltr'>corrupit,</span> <span class='ocrx_word' id='word_1_190' title='bbox 846 2428 880 2478; x_wconf 96' lang='lat' dir='ltr'>ut</span> <span class='ocrx_word' id='word_1_191' title='bbox 891 2419 922 2478; x_wconf 93' lang='lat' dir='ltr'>in</span> <span class='ocrx_word' id='word_1_192' title='bbox 937 2419 1103 2480; x_wconf 88' lang='lat' dir='ltr'>deversori-</span> 
     </span>
     <span class='ocr_line' id='line_1_28' title="bbox 199 2498 1100 2580; baseline 0.002 -21"><span class='ocrx_word' id='word_1_193' title='bbox 199 2519 252 2559; x_wconf 89' lang='lat' dir='ltr'>um</span> <span class='ocrx_word' id='word_1_194' title='bbox 267 2500 330 2580; x_wconf 86' lang='lat' dir='ltr'>ejus</span> <span class='ocrx_word' id='word_1_195' title='bbox 344 2499 406 2560; x_wconf 90' lang='lat' dir='ltr'>vim</span> <span class='ocrx_word' id='word_1_196' title='bbox 422 2517 565 2577; x_wconf 86' lang='lat' dir='ltr'>magnam</span> <span class='ocrx_word' id='word_1_197' title='bbox 579 2499 753 2579; x_wconf 88' lang='lat' dir='ltr'>gladiorum</span> <span class='ocrx_word' id='word_1_198' title='bbox 765 2498 872 2558; x_wconf 85' lang='lat' dir='ltr'>inferri</span> <span class='ocrx_word' id='word_1_199' title='bbox 886 2499 965 2559; x_wconf 90' lang='lat' dir='ltr'>clam</span> <span class='ocrx_word' id='word_1_200' title='bbox 980 2500 1100 2561; x_wconf 89' lang='lat' dir='ltr'>sineret.</span> 
     </span>
     <span class='ocr_line' id='line_1_29' title="bbox 198 2578 1101 2660; baseline 0 -20"><span class='ocrx_word' id='word_1_201' title='bbox 198 2580 247 2640; x_wconf 83' lang='lat' dir='ltr'>Ea</span> <span class='ocrx_word' id='word_1_202' title='bbox 261 2600 330 2641; x_wconf 91' lang='lat' dir='ltr'>cum</span> <span class='ocrx_word' id='word_1_203' title='bbox 346 2600 408 2640; x_wconf 91' lang='lat' dir='ltr'>una</span> <span class='ocrx_word' id='word_1_204' title='bbox 422 2589 510 2640; x_wconf 89' lang='lat' dir='ltr'>nocte</span> <span class='ocrx_word' id='word_1_205' title='bbox 530 2580 665 2660; x_wconf 88' lang='lat' dir='ltr'>perfecta</span> <span class='ocrx_word' id='word_1_206' title='bbox 685 2588 791 2652; x_wconf 89' lang='lat' dir='ltr'>essent,</span> <span class='ocrx_word' id='word_1_207' title='bbox 801 2578 994 2658; x_wconf 87' lang='lat' dir='ltr'>Tarquinius,</span> <span class='ocrx_word' id='word_1_208' title='bbox 1009 2580 1101 2659; x_wconf 90' lang='lat' dir='ltr'>paulo</span> 
     </span>
     <span class='ocr_line' id='line_1_30' title="bbox 199 2659 1102 2740; baseline 0 -20"><span class='ocrx_word' id='word_1_209' title='bbox 199 2670 269 2721; x_wconf 92' lang='lat' dir='ltr'>ante</span> <span class='ocrx_word' id='word_1_210' title='bbox 281 2660 379 2720; x_wconf 87' lang='lat' dir='ltr'>lucem</span> <span class='ocrx_word' id='word_1_211' title='bbox 391 2660 495 2720; x_wconf 89' lang='lat' dir='ltr'>accitis</span> <span class='ocrx_word' id='word_1_212' title='bbox 509 2662 549 2720; x_wconf 89' lang='lat' dir='ltr'>ad</span> <span class='ocrx_word' id='word_1_213' title='bbox 563 2681 594 2720; x_wconf 89' lang='lat' dir='ltr'>se</span> <span class='ocrx_word' id='word_1_214' title='bbox 608 2659 798 2740; x_wconf 90' lang='lat' dir='ltr'>principibus</span> <span class='ocrx_word' id='word_1_215' title='bbox 812 2659 1004 2733; x_wconf 87' lang='lat' dir='ltr'>Latinorum,</span> <span class='ocrx_word' id='word_1_216' title='bbox 1016 2660 1102 2739; x_wconf 85' lang='lat' dir='ltr'>quasi</span> 
     </span>
    </p>

    <p class='ocr_par' dir='ltr' id='par_1_9' title="bbox 146 2740 1102 3142">
     <span class='ocr_line' id='line_1_31' title="bbox 146 2740 1102 2819; baseline 0.001 -19"><span class='ocrx_word' id='word_1_217' title='bbox 146 2747 185 2810; x_wconf 88' lang='lat'>30</span> <span class='ocrx_word' id='word_1_218' title='bbox 199 2761 231 2800; x_wconf 90' lang='lat' dir='ltr'>re</span> <span class='ocrx_word' id='word_1_219' title='bbox 252 2759 333 2802; x_wconf 88' lang='lat' dir='ltr'>nova</span> <span class='ocrx_word' id='word_1_220' title='bbox 354 2741 558 2819; x_wconf 89' lang='lat' dir='ltr'>perturbatus,</span> <span class='ocrx_word' id='word_1_221' title='bbox 574 2756 690 2801; x_wconf 89' lang='lat' dir='ltr'>moram</span> <span class='ocrx_word' id='word_1_222' title='bbox 711 2759 798 2802; x_wconf 86' lang='lat' dir='ltr'>suam</span> <span class='ocrx_word' id='word_1_223' title='bbox 820 2741 1001 2813; x_wconf 85' lang='lat' dir='ltr'>hesternam,</span> <span class='ocrx_word' id='word_1_224' title='bbox 1016 2740 1102 2802; x_wconf 89' lang='lat' dir='ltr'>velut</span> 
     </span>
     <span class='ocr_line' id='line_1_32' title="bbox 199 2821 1101 2900; baseline -0.001 -18"><span class='ocrx_word' id='word_1_225' title='bbox 199 2822 326 2882; x_wconf 90' lang='lat' dir='ltr'>deorum</span> <span class='ocrx_word' id='word_1_226' title='bbox 344 2821 475 2899; x_wconf 88' lang='lat' dir='ltr'>quadam</span> <span class='ocrx_word' id='word_1_227' title='bbox 497 2822 691 2900; x_wconf 89' lang='lat' dir='ltr'>providentia</span> <span class='ocrx_word' id='word_1_228' title='bbox 711 2821 852 2894; x_wconf 85' lang='lat' dir='ltr'>inlatam,</span> <span class='ocrx_word' id='word_1_229' title='bbox 866 2821 911 2882; x_wconf 92' lang='lat' dir='ltr'>ait</span> <span class='ocrx_word' id='word_1_230' title='bbox 930 2821 1023 2881; x_wconf 91' lang='lat' dir='ltr'>saluti</span> <span class='ocrx_word' id='word_1_231' title='bbox 1043 2821 1101 2881; x_wconf 90' lang='lat' dir='ltr'>sibi</span> 
     </span>
     <span class='ocr_line' id='line_1_33' title="bbox 199 2901 1101 2981; baseline -0.002 -19"><span class='ocrx_word' id='word_1_232' title='bbox 199 2911 290 2981; x_wconf 90' lang='lat' dir='ltr'>atque</span> <span class='ocrx_word' id='word_1_233' title='bbox 312 2901 372 2961; x_wconf 91' lang='lat' dir='ltr'>illis</span> <span class='ocrx_word' id='word_1_234' title='bbox 393 2901 493 2961; x_wconf 73' lang='lat' dir='ltr'>titisse.</span> <span class='ocrx_word' id='word_1_235' title='bbox 535 2902 587 2961; x_wconf 91' lang='lat' dir='ltr'>Ab</span> <span class='ocrx_word' id='word_1_236' title='bbox 601 2901 705 2962; x_wconf 91' lang='lat' dir='ltr'>Turno</span> <span class='ocrx_word' id='word_1_237' title='bbox 720 2901 782 2961; x_wconf 89' lang='lat' dir='ltr'>dici</span> <span class='ocrx_word' id='word_1_238' title='bbox 802 2901 861 2962; x_wconf 89' lang='lat' dir='ltr'>sibi</span> <span class='ocrx_word' id='word_1_239' title='bbox 875 2911 905 2962; x_wconf 90' lang='lat' dir='ltr'>et</span> <span class='ocrx_word' id='word_1_240' title='bbox 918 2901 1101 2980; x_wconf 86' lang='lat' dir='ltr'>primoribus</span> 
     </span>
     <span class='ocr_line' id='line_1_34' title="bbox 198 2981 1102 3062; baseline -0.001 -20"><span class='ocrx_word' id='word_1_241' title='bbox 198 2981 381 3062; x_wconf 86' lang='lat' dir='ltr'>populorum</span> <span class='ocrx_word' id='word_1_242' title='bbox 403 2981 506 3060; x_wconf 89' lang='lat' dir='ltr'>parari</span> <span class='ocrx_word' id='word_1_243' title='bbox 531 3001 644 3054; x_wconf 88' lang='lat' dir='ltr'>necem,</span> <span class='ocrx_word' id='word_1_244' title='bbox 672 2992 705 3042; x_wconf 92' lang='lat' dir='ltr'>ut</span> <span class='ocrx_word' id='word_1_245' title='bbox 730 2981 911 3043; x_wconf 85' lang='lat' dir='ltr'>Latinorum</span> <span class='ocrx_word' id='word_1_246' title='bbox 939 2981 1021 3042; x_wconf 89' lang='lat' dir='ltr'>solus</span> <span class='ocrx_word' id='word_1_247' title='bbox 1048 2982 1102 3041; x_wconf 79' lang='lat' dir='ltr'>irn-</span> 
     </span>
     <span class='ocr_line' id='line_1_35' title="bbox 195 3061 1102 3142; baseline -0.002 -19"><span class='ocrx_word' id='word_1_248' title='bbox 195 3063 317 3142; x_wconf 88' lang='lat' dir='ltr'>perium</span> <span class='ocrx_word' id='word_1_249' title='bbox 333 3071 443 3122; x_wconf 88' lang='lat' dir='ltr'>teneat.</span> <span class='ocrx_word' id='word_1_250' title='bbox 486 3061 711 3140; x_wconf 86' lang='lat' dir='ltr'>Adgressurum</span> <span class='ocrx_word' id='word_1_251' title='bbox 732 3062 824 3122; x_wconf 84' lang='lat' dir='ltr'>fuisse</span> <span class='ocrx_word' id='word_1_252' title='bbox 845 3062 985 3122; x_wconf 88' lang='lat' dir='ltr'>hesterno</span> <span class='ocrx_word' id='word_1_253' title='bbox 1002 3062 1051 3122; x_wconf 91' lang='lat' dir='ltr'>die</span> <span class='ocrx_word' id='word_1_254' title='bbox 1070 3062 1102 3121; x_wconf 90' lang='lat' dir='ltr'>in</span> 
     </span>
    </p>

    <p class='ocr_par' dir='ltr' id='par_1_10' title="bbox 146 3141 1103 3464">
     <span class='ocr_line' id='line_1_36' title="bbox 146 3141 1102 3221; baseline -0.007 -13"><span class='ocrx_word' id='word_1_255' title='bbox 146 3149 185 3209; x_wconf 88' lang='grc'>35</span> <span class='ocrx_word' id='word_1_256' title='bbox 199 3141 345 3216; x_wconf 90' lang='lat' dir='ltr'>coneilio;</span> <span class='ocrx_word' id='word_1_257' title='bbox 380 3142 511 3202; x_wconf 90' lang='lat' dir='ltr'>dilatam</span> <span class='ocrx_word' id='word_1_258' title='bbox 539 3162 602 3202; x_wconf 92' lang='lat' dir='ltr'>rem</span> <span class='ocrx_word' id='word_1_259' title='bbox 630 3161 700 3214; x_wconf 90' lang='lat' dir='ltr'>esse,</span> <span class='ocrx_word' id='word_1_260' title='bbox 728 3142 810 3221; x_wconf 92' lang='lat' dir='ltr'>quod</span> <span class='ocrx_word' id='word_1_261' title='bbox 845 3152 952 3202; x_wconf 88' lang='lat' dir='ltr'>auctor</span> <span class='ocrx_word' id='word_1_262' title='bbox 980 3141 1102 3203; x_wconf 90' lang='lat' dir='ltr'>concilii</span> 
     </span>
     <span class='ocr_line' id='line_1_37' title="bbox 199 3221 1102 3304; baseline -0.001 -20"><span class='ocrx_word' id='word_1_263' title='bbox 199 3223 320 3298; x_wconf 85' lang='lat' dir='ltr'>afuerit,</span> <span class='ocrx_word' id='word_1_264' title='bbox 335 3243 425 3304; x_wconf 92' lang='lat' dir='ltr'>quem</span> <span class='ocrx_word' id='word_1_265' title='bbox 445 3223 578 3282; x_wconf 85' lang='lat' dir='ltr'>maxime</span> <span class='ocrx_word' id='word_1_266' title='bbox 597 3231 738 3301; x_wconf 87' lang='lat' dir='ltr'>peteret·</span> <span class='ocrx_word' id='word_1_267' title='bbox 763 3221 841 3282; x_wconf 90' lang='lat' dir='ltr'>Inde</span> <span class='ocrx_word' id='word_1_268' title='bbox 861 3222 948 3282; x_wconf 88' lang='lat' dir='ltr'>illam</span> <span class='ocrx_word' id='word_1_269' title='bbox 969 3223 1102 3283; x_wconf 87' lang='lat' dir='ltr'>absentis</span> 
     </span>
     <span class='ocr_line' id='line_1_38' title="bbox 198 3303 1103 3383; baseline -0.002 -19"><span class='ocrx_word' id='word_1_270' title='bbox 198 3305 427 3366; x_wconf 91' lang='lat' dir='ltr'>insectationem</span> <span class='ocrx_word' id='word_1_271' title='bbox 442 3324 504 3364; x_wconf 89' lang='lat' dir='ltr'>esse</span> <span class='ocrx_word' id='word_1_272' title='bbox 519 3312 632 3375; x_wconf 87' lang='lat' dir='ltr'>natam,</span> <span class='ocrx_word' id='word_1_273' title='bbox 648 3303 728 3383; x_wconf 91' lang='lat' dir='ltr'>quod</span> <span class='ocrx_word' id='word_1_274' title='bbox 743 3303 891 3364; x_wconf 90' lang='lat' dir='ltr'>morando</span> <span class='ocrx_word' id='word_1_275' title='bbox 911 3319 994 3382; x_wconf 88' lang='lat' dir='ltr'>spem</span> <span class='ocrx_word' id='word_1_276' title='bbox 1014 3303 1103 3363; x_wconf 78' lang='lat' dir='ltr'>desti-</span> 
     </span>
     <span class='ocr_line' id='line_1_39' title="bbox 199 3383 1103 3464; baseline -0.006 -17"><span class='ocrx_word' id='word_1_277' title='bbox 199 3386 302 3447; x_wconf 84' lang='lat' dir='ltr'>tuerit.</span> <span class='ocrx_word' id='word_1_278' title='bbox 344 3384 376 3445; x_wconf 87' lang='lat' dir='ltr'>N</span> <span class='ocrx_word' id='word_1_279' title='bbox 377 3405 416 3446; x_wconf 93' lang='lat' dir='ltr'>on</span> <span class='ocrx_word' id='word_1_280' title='bbox 430 3383 581 3457; x_wconf 88' lang='lat' dir='ltr'>dubitare,</span> <span class='ocrx_word' id='word_1_281' title='bbox 590 3383 616 3443; x_wconf 90' lang='lat' dir='ltr'>si</span> <span class='ocrx_word' id='word_1_282' title='bbox 630 3403 704 3446; x_wconf 84' lang='lat' dir='ltr'>vera</span> <span class='ocrx_word' id='word_1_283' title='bbox 718 3383 903 3458; x_wconf 86' lang='lat' dir='ltr'>deferantur,</span> <span class='ocrx_word' id='word_1_284' title='bbox 913 3385 988 3464; x_wconf 91' lang='lat' dir='ltr'>quin</span> <span class='ocrx_word' id='word_1_285' title='bbox 1001 3383 1103 3463; x_wconf 79' lang='lat' dir='ltr'>prima</span> 
     </span>
    </p>
   </div>
   <div class='ocr_carea' id='block_1_3' title="bbox 0 0 1266 3784">
    <p class='ocr_par' dir='ltr' id='par_1_11' title="bbox 0 0 1266 3784">
     <span class='ocr_line' id='line_1_40' title="bbox 0 0 1266 3784; baseline 0 0"><span class='ocrx_word' id='word_1_286' title='bbox 0 0 1266 3784; x_wconf 95' lang='lat' dir='ltr'> </span> 
     </span>
    </p>
   </div>
  </div>
 </body>
</html>
