2568 3782
419 245 552 292 arnna
578 245 670 310 xxr,
696 227 826 293 40-41.
1056 227 1120 296 110

165 403 312 484 Equestri
340 403 463 484 proelio,
490 423 552 482 qua
585 411 672 482 parte
705 401 863 482 copiarum
890 402 1066 464 conserendi

166 505 293 544 manum
322 484 411 544 fortu'
473 484 547 544 data
576 493 630 555 est,
658 483 773 544 hostem
808 482 894 554 fudi;
928 483 1067 562 peditum

167 585 287 644 agmen,
303 563 384 648 quod
399 505 569 624 ibssmodum
584 563 767 641 fugientium
782 564 895 648 raptim
909 562 1066 642 agebatur,

168 645 240 724 quia
260 643 387 723 adsequi
409 653 490 704 terra
510 657 571 705 nou
592 653 738 722 poteram,
752 643 902 722 regressus
915 643 955 704 ad
970 644 1066 716 navis,
1131 699 1136 706 .

168 735 285 804 quauta
305 725 439 784 maxime
460 724 545 802 potui
566 723 728 796 celeritate,
749 733 835 810 tanto
860 725 956 803 maris,
974 733 1067 786 terra·
1099 706 1203 790 lat,
1221 773 1234 796 ,,

64 818 297 894 „qurumque
318 805 464 876 circuitu,
489 805 522 864 in
549 803 703 864 radicibus
727 824 820 883 prope
840 804 969 884 Alpium
994 805 1068 865 buic

38 884 42 894 '
168 885 306 974 Q
326 885 405 945 hosti
425 883 533 960 obuius
554 884 608 956 fui.
641 883 774 958 Utrum,
791 905 862 946 cum
882 884 1067 946 declinarem

170 968 332 1038 certarnen,
354 965 526 1045 inprovisus
546 964 688 1025 incidisse
707 964 822 1038 videor,
847 985 887 1026 an
911 983 1068 1026 occurrere

170 1047 201 1106 in
225 1045 362 1124 vestigiis
383 1046 454 1125 ejus,
475 1045 620 1106 lacessere
645 1065 681 1105 ac
704 1040 826 1106 trabere
846 1045 887 1106 ad
908 1046 1068 1123 decernen·
1102 1041 1186 1094 sna·
1220 1047 1225 1057 '

170 1127 265 1197 dum?
306 1125 450 1204 Experiri
461 1126 561 1206 juvat,
576 1135 679 1186 utrum
700 1127 775 1186 alios
796 1117 1067 1204 repenteUartba·
1083 1126 1123 1188 10

169 1207 319 1288 ginienses
340 1225 394 1286 per
413 1207 525 1286 viginti
549 1227 644 1267 anuos
665 1215 747 1268 terra
768 1207 906 1279 ediderit,
926 1227 965 1266 an
987 1206 1068 1267 idem

169 1289 239 1361 siut,
254 1288 308 1366 qui
323 1287 362 1348 ad
377 1285 504 1366 Aegatis
519 1297 733 1368 pugnaverunt
747 1284 871 1360 insulas,
886 1297 916 1348 et
933 1307 1008 1366 quos
1028 1287 1067 1348 ab

170 1368 272 1448 Eryce
292 1367 508 1429 duodevicenis
529 1367 662 1428 denariis
682 1367 855 1428 aestimatos
875 1368 1023 1439 emisistis,
1038 1376 1069 1428 et

171 1459 274 1510 utrum
288 1447 450 1508 Hannibal
472 1449 523 1509 hic
543 1449 583 1508 sit
604 1448 741 1509 aemulus
755 1448 899 1508 itinerum
914 1448 1068 1520 Herculis,

171 1529 205 1591 ut
221 1530 286 1608 ipse
302 1529 370 1601 fert,
385 1550 426 1588 an
440 1528 599 1608 vectigalis
619 1529 894 1608 stipendiariusque
914 1538 945 1589 et
964 1549 1068 1590 servus
1085 1528 1123 1590 15

169 1610 276 1692 populi
296 1609 467 1672 Romania
488 1620 574 1690 patre
594 1603 868 1753 relictuffQuem
883 1609 941 1670 nisi
954 1610 1071 1691 Sagun-

170 1693 269 1752 tinum
297 1691 395 1752 scelus
421 1693 560 1772 agitaret,
589 1693 703 1772 respice
778 1690 924 1776 profecto,
954 1691 980 1753 si
1008 1713 1069 1753 non

168 1774 302 1853 patriam
317 1773 446 1847 victam,
455 1774 579 1834 domum
601 1783 880 1854 certe’patremque
900 1782 930 1833 et
943 1773 1071 1834 ,foedera

170 1853 359 1914 Hamilcaris
373 1855 486 1934 scripta
497 1875 600 1927 manu,
608 1855 662 1934 qui
671 1855 772 1934 jussus
786 1853 825 1914 ab
836 1853 957 1916 consule
969 1863 1071 1914 nostro

76 954 126 992 Aa

169 1934 354 2028 praesidium
376 1934 504 1996 deduxit
523 1935 564 1996 ab
586 1935 695 2014 Eryce,
717 1935 769 2074 qui
793 1954 901 2014 graves
925 1933 1070 2013 inpositas
1086 1933 1125 1996 20

154 2015 260 2077 motis
285 2014 588 2094 Carthaginiensibus
613 2013 693 2094 leges
732 2035 847 2075 remens
874 2033 1070 2092 maerensque

170 2094 298 2176 accepit,
313 2096 365 2174 qui
386 2095 530 2156 decedere
550 2095 664 2168 Sicilia,
678 2095 731 2174 qui
751 2087 935 2174 stipendium
957 2093 1070 2174 populo

171 2173 311 2236 Romano
325 2176 398 2236 dare
412 2186 517 2255 pactus
528 2186 583 2246 est.
595 2179 656 2242 ἦν
675 2211 688 2222 ν
707 2213 712 2233 2
760 2221 764 2250 ς
837 2225 845 2240 t

212 2255 321 2333 Itaque
341 2277 395 2317 vos
416 2247 616 2336 egbssnlilites,
630 2275 691 2316 non
712 2276 747 2318 eo
768 2251 990 2316 solum‘animo
1011 2275 1071 2336 quo

172 2335 317 2396 adversus
331 2335 406 2398 alios
420 2337 519 2398 hostes
536 2339 645 2410 soletis,
659 2357 797 2416 pugnare
810 2336 912 2409 velim,
926 2336 978 2396 sed
1000 2355 1069 2396 cum
1086 2335 1123 2398 25

172 2415 383 2494 indignatione
417 2418 550 2496 quadam
583 2427 675 2496 atque
708 2419 763 2490 ira,
791 2417 877 2478 velut
910 2417 936 2476 si
969 2435 1071 2478 servos

172 2497 303 2557 videatis
327 2506 441 2557 vestros
467 2517 554 2558 arma
577 2501 700 2577 repente
724 2506 829 2558 contra
852 2517 906 2559 vos
933 2495 1070 2558 ferentes.

173 2575 278 2638 Licuit
301 2577 340 2636 arl
367 2577 498 2656 Erycem
523 2579 640 2639 clausos
662 2577 770 2638 ultimo
794 2576 944 2657 supplicio
966 2577 1071 2636 huma·

172 2675 292 2730 norum,
307 2657 396 2730 fame,
411 2659 597 2730 interficere3
618 2658 707 2718 licuit
721 2659 878 2720 victricem
896 2657 1020 2718 classem
1038 2658 1071 2716 iu

172 2736 312 2797 Aliicam
337 2739 463 2798 traicere
488 2749 579 2818 atque
603 2739 685 2798 iutra
704 2759 817 2818 paucos
837 2737 901 2798 dies
921 2739 986 2798 sinc
1006 2737 1124 2800 u11030

172 2819 338 2878 certamine
353 2818 569 2898 Carthaginem
585 2819 701 2891 delere;
717 2819 837 2880 veniam
853 2819 991 2878 dedimus
1005 2839 1069 2896 pre·
1103 2830 1111 2844 '¹

172 2898 321 2971 cautibus,
342 2898 494 2958 emisimus
516 2920 555 2959 ex
575 2899 738 2971 obsidione,
759 2919 866 2978 pacem
890 2919 959 2958 cum
980 2899 1070 2959 victis

171 2979 307 3051 fecimus,
322 2979 436 3038 tutelae
453 2979 562 3038 deinde
579 2990 699 3038 nostrae
713 2978 865 3050 duximus,
880 2998 948 3038 cum
964 2977 1070 3038 Africo

171 3055 252 3117 bello
265 3067 451 3137 urgerentur.
483 3059 543 3118 Pro
555 3059 602 3135 his
610 3060 761 3136 inpertitis
772 3058 917 3118 furiosum
925 3060 1069 3138 juvenem

170 3148 327 3215 sequentes
352 3150 570 3216 oppugnatum
605 3139 736 3217 patriam
770 3147 903 3198 nostram
934 3139 1068 3200 veniunt.
1085 3137 1122 3196 35

170 3216 274 3296 Atque
297 3218 413 3278 utinam
436 3239 489 3298 pro
511 3219 618 3278 decore
638 3230 758 3278 tautum
780 3219 837 3278 hoc
851 3218 937 3278 vobis
957 3227 987 3277 et
1008 3237 1068 3277 non

170 3317 225 3375 pro
256 3297 356 3357 salute
390 3308 464 3358 esset
499 3301 666 3358 certamen!
723 3298 794 3357 Non
822 3299 860 3357 de
888 3297 1069 3375 possessione

170 3377 294 3436 Siciliae
311 3399 346 3437 ao
365 3379 532 3451 Sardiniae,
548 3379 586 3437 de
607 3377 716 3456 quibus
737 3377 890 3454 quondam
912 3376 1068 3454 agebatur,
1111 3417 1115 3426 .

169 3457 220 3517 sed
236 3477 291 3536 pro
311 3457 404 3517 ltalia
419 3457 505 3518 vobis
525 3465 569 3518 est
589 3456 798 3536 pugnandum.
839 3454 905 3513 Neo
925 3462 970 3514 est
990 3452 1069 3514 alius
