2568 3782
408 223 543 270 mean
568 221 681 288 xxrr,
710 207 838 271 19-20.
1054 203 1118 276 1st

165 381 275 462 quibus
290 389 320 441 et
333 380 463 460 speculis
478 389 508 441 et
522 380 759 460 propugnaculis
774 379 918 442 adversus
932 380 1065 444 latrones

163 471 303 521 utuntur.
344 460 423 520 Inde
449 463 548 540 primo
576 462 742 538 conspectis
769 461 901 522 bostium
925 463 1064 536 navibus,

164 542 270 600 datum
285 542 406 620 signum
422 541 613 602 Hasdrubali
628 552 681 614 est,
697 541 906 620 tumultusque
927 542 1011 621 prius
1033 545 1065 604 in

163 631 246 681 terra
260 630 292 681 et
305 621 411 681 castris
425 642 517 699 quam
534 622 575 680 ad
593 641 677 680 mare
697 630 727 682 et
747 622 787 682 ad
808 641 899 682 naves
913 632 958 682 est
972 633 1064 696 ortus,

164 701 301 760 nondum
316 710 371 760 aut
384 702 474 779 pulsu
489 721 641 761 remorum
662 702 850 780 strepituque
864 702 926 764 alio
940 704 1064 765 nautico
1099 707 1119 766 5

163 781 310 841 exaudito
325 791 379 841 aut
393 781 598 860 aperientibus
612 781 737 841 classem
774 785 979 858 romunturiis,
995 805 1065 845 cum

164 870 287 940 repente
297 881 386 940 eques
397 861 475 921 alius
487 881 577 940 super
587 862 683 921 alium
697 862 738 921 ab
787 862 948 925 asdrubale
959 865 1066 925 missus

163 961 257 1020 vagos
268 942 300 1001 in
311 942 401 1001 litore
411 942 587 1020 quietosque
597 942 629 1000 in
641 943 778 1002 tentoriis
792 943 862 1016 suis,
872 944 950 1004 nibil
965 945 1066 1006 minus

157 1039 255 1100 'quam
277 1022 394 1082 hostem
415 1030 469 1082 aut
489 1022 638 1100 proelium
659 1043 694 1083 eo
715 1023 765 1082 die
785 1026 982 1101 expectantis,
997 1046 1066 1086 con·

162 1103 305 1162 scendere
329 1123 422 1162 naves
446 1122 574 1181 propere
600 1112 692 1180 atque
716 1122 802 1162 arma
827 1123 934 1182 capere
956 1105 1063 1185 jubet:
1080 1107 1119 1169 10

163 1184 289 1242 classem
302 1183 471 1242 Romanam
480 1184 544 1262 jam
556 1183 638 1242 haud
650 1183 757 1262 procul
768 1194 858 1261 portu
871 1205 941 1246 esse.
976 1186 1064 1248 Haec

161 1263 278 1342 equites
299 1263 415 1322 dimissi
436 1264 546 1342 passim
565 1263 775 1342 imperabant;
797 1285 868 1324 mox
884 1265 1064 1328 Hasdrubal

162 1345 225 1422 ipse
254 1363 325 1403 cum
352 1344 435 1403 omni
469 1343 606 1403 exercitu
640 1343 756 1416 aderat,
784 1345 928 1423 varioque
962 1348 1064 1408 omnia

162 1424 297 1483 tumultu
312 1431 460 1502 strepunt,
471 1422 629 1483 ruentibus
643 1425 676 1482 in
691 1443 784 1485 naves
797 1425 887 1484 simul
899 1426 1064 1506 remigibus

160 1504 381 1582 militibusque,
396 1505 579 1580 fugientium
601 1505 697 1582 magis
712 1524 728 1564 e
742 1513 824 1564 terra
837 1525 929 1584 quarn
944 1509 976 1566 in
992 1523 1064 1587 pug·
1080 1516 1118 1576 15

162 1603 232 1644 nam
248 1587 387 1644 euntium
403 1584 499 1643 mode.
543 1583 684 1645 Vixdum
698 1584 795 1644 omnis
817 1587 1062 1661 conscenderant,

162 1683 231 1724 cum
249 1665 304 1724 alii
319 1663 457 1724 resolutis
478 1663 537 1724 oris
558 1664 591 1724 in
610 1683 737 1724 ancoras
751 1665 931 1739 evehuntur,
946 1667 1010 1740 alii,
1025 1689 1064 1730 ne

162 1745 236 1824 quid
261 1754 372 1817 teneat,
396 1744 553 1804 ancoralia
577 1744 734 1817 incidunt;
762 1745 935 1825 raptimque
962 1749 1064 1809 omnia

161 1844 195 1882 cc
222 1843 423 1902 praepropere
450 1822 575 1902 agendo,
603 1823 736 1883 militum
763 1833 913 1902 apparatu
948 1825 1071 1886 nautica

161 1903 330 1962 ministeria
340 1903 547 1982 inpediuntur,
562 1903 764 1994 trepidatione
777 1913 942 1963 nautarum
963 1925 1072 1984 capere
1081 1905 1120 1965 20

161 1993 192 2044 et
205 1991 313 2062 aptare
331 2001 418 2042 arma
432 1981 518 2042 miles
532 1981 719 2060 prohibetur.
762 1980 805 2040 Et
819 1979 887 2060 jam
908 1981 1065 2043 Romanus

161 2085 223 2124 non
247 2061 513 2142 appropinquabat
538 2061 636 2132 modo,
661 2061 714 2120 sed
738 2060 898 2122 derexerat
918 2062 1010 2122 etiarn
1032 2063 1065 2122 in

161 2164 297 2224 pugnam
317 2163 418 2205 naves
460 2141 569 2220 Itaque
589 2161 651 2200 non
672 2139 711 2200 ab
731 2141 817 2201 hoste
830 2152 861 2202 et
874 2142 989 2221 proelio
1004 2164 1065 2202 ma·

161 2226 208 2304 gis
223 2223 318 2284 Poeni
333 2243 424 2302 quam
435 2230 552 2282 suomet
562 2221 620 2300 ipsi
631 2220 767 2281 tumultu
779 2221 904 2295 turbati,
916 2232 1065 2302 temptata

161 2305 264 2368 verius
284 2323 389 2383 pugna
409 2319 501 2380 quam
523 2302 609 2373 inita,
624 2302 656 2359 in
671 2301 776 2380 fugam
797 2313 974 2363 averterunt
989 2303 1064 2364 clas·
1079 2311 1118 2371 25

161 2405 234 2457 scm,
255 2393 286 2444 et
310 2404 379 2444 cum
404 2382 522 2444 adversi
548 2381 646 2441 amnis
670 2402 702 2442 os
726 2382 790 2442 lato
813 2383 929 2462 agmini
950 2392 1064 2444 ettam

162 2465 267 2524 multis
281 2463 371 2524 simul
386 2461 578 2525 venientibus
590 2462 676 2521 baud
690 2483 762 2523 sane
776 2462 919 2524 intrabile
932 2472 1016 2537 esset,
1032 2465 1063 2524 in

162 2546 236 2606 litus
249 2544 361 2624 passim
375 2563 469 2604 naves
483 2552 618 2622 egerunt,
633 2551 725 2621 atque
745 2543 800 2602 alii
815 2543 903 2605 vadis
917 2544 971 2604 alii
985 2545 1064 2607 sicco

162 2627 252 2686 litore
266 2625 395 2703 excepti,
411 2623 522 2763 partim
543 2623 655 2682 armati
676 2623 789 2702 partim
809 2623 947 2698 inermes,
961 2626 1002 2686 ad
1021 2626 1064 2685 in-

161 2715 309 2766 structam
334 2725 388 2784 per
425 2705 484 2764 itus
511 2703 610 2764 aciem
636 2723 761 2763 suorum
785 2703 962 2784 perfugere;
984 2705 1063 2766 duae
1079 2713 1118 2773 30

160 2797 262 2846 tamen
285 2785 383 2865 primo
405 2805 552 2845 concursu
574 2793 682 2864 captae
702 2793 790 2844 erant
810 2783 945 2846 Punicae
961 2805 1063 2861 naves,

161 2877 306 2946 quattuor
319 2883 503 2944 suppressae.
1046 2907 1052 2917 .

200 2947 279 3008 XX.
323 2946 463 3017 Rotnani,
495 2964 682 3024 quamquam
717 2953 799 3005 terra
832 2945 964 3007 bostium
997 2963 1064 3011 erat

160 3038 371 3106 arnratamque
386 3027 482 3086 aciem
496 3036 560 3085 toto
574 3034 765 3104 praetentam
782 3025 843 3102 [in]
859 3026 949 3086 litore
962 3048 1062 3091 cerne

160 3107 243 3180 bant,
272 3107 355 3166 haud
385 3116 565 3166 cunctanter
593 3105 721 3164 insecuti
751 3106 899 3184 trepidam
929 3108 1061 3170 bostium
1076 3109 1116 3172 35

159 3197 293 3260 classem,
324 3187 411 3246 navis
445 3187 552 3258 omnis,
580 3205 658 3264 quae
685 3205 747 3245 non
773 3196 828 3246 aut
855 3188 1062 3266 perfregerant

157 3289 263 3348 proras
284 3268 368 3328 litori
389 3267 494 3326 inlisas
515 3275 569 3326 aut
590 3266 708 3326 carinas
730 3265 862 3327 fixerant
883 3267 979 3341 vedis,
994 3271 1062 3330 reli·

156 3361 244 3429 gates
265 3347 419 3428 puppibus
441 3347 472 3405 in
494 3345 592 3424 altum
613 3354 792 3418 extraxere3
814 3346 853 3405 ad
876 3347 1011 3426 quinque
1027 3360 1062 3414 et

157 3429 268 3509 rigimi
283 3445 408 3493 navasse
418 3425 627 3507 quadraginta
641 3443 754 3502 cepere.
819 3471 821 3476 .
857 3439 864 3448 ·
936 3490 942 3498 ⁴
1034 3471 1037 3479 r
