2520 3784
394 259 398 264 -
431 232 565 280 arnna
591 234 615 299 1,
644 217 774 282 33-34.
1058 220 1102 288 58

140 389 314 452 comminus
328 410 399 450 cum
414 390 560 451 Romanis
580 389 668 470 signa
688 389 868 454 contulerat
910 391 962 454 Ad
977 391 1047 454 ulti·

139 491 228 530 mum
256 471 398 531 omnibus
426 472 518 551 copiis
546 473 665 532 conisus
687 473 794 532 Ancus
821 473 887 533 acie
936 473 1046 534 rimum

138 551 250 623 vincit,
265 550 336 610 inde
350 551 466 630 ingenti
482 552 596 630 praeda
610 562 716 631 potens
731 552 862 612 Romam
876 572 891 611 r
905 597 907 604 .
931 553 965 624 it,
979 562 1046 614 turn

139 651 263 710 quoque
283 630 390 691 multis
410 631 537 692 miiibus
557 632 740 693 Latinorum
765 633 796 692 in
820 633 976 694 civitatem
998 653 1046 694 ac·

139 713 247 791 ceptis,
261 710 382 791 quibus,
396 722 432 772 ut
448 714 629 792 jungeretur
650 712 772 774 Palatio
790 712 993 788 Aventinum,
1006 713 1046 774 ad
1081 717 1101 776 5

138 791 283 852 Murciae
296 792 387 852 datae
398 792 491 854 sedes

180 871 365 934 daniculum
385 894 506 952 quoque
526 874 689 954 adjectum,
703 895 764 936 non
786 873 889 954 inopia
909 873 979 948 loci,
993 874 1046 936 aad

138 973 180 1014 ne
194 953 318 1034 quando
332 974 369 1014 ea
381 974 439 1014 arx
453 953 586 1016 hostium
600 966 685 1018 esset
720 955 759 1015 Id
770 975 830 1016 non
843 955 1046 1028 mummolum,

138 1033 194 1094 sed
217 1034 311 1094 etiam
334 1033 374 1094 ob
397 1035 644 1097 commoditatem
659 1036 776 1096 itineris
795 1045 886 1114 ponte
906 1035 1044 1108 sublici0,

138 1123 208 1175 tum
230 1115 364 1194 primum
384 1115 417 1174 in
437 1114 541 1175 Tiberi
561 1116 652 1191 facto,
666 1117 811 1196 conjungi
830 1115 899 1176 urbi
919 1115 1043 1196 placuit
1060 1117 1100 1178 10

140 1195 314 1272 Quiritium
336 1216 456 1275 quoque
475 1194 563 1269 fossa,
578 1197 655 1258 haut
670 1217 802 1275 parvum
822 1195 1045 1256 munimentum

139 1297 160 1336 a
181 1275 373 1355 planioribus
394 1277 481 1337 aditu
501 1277 585 1351 locis,
600 1275 683 1350 Anci
704 1277 782 1356 regis
802 1296 878 1356 opus
899 1285 952 1337 est.
994 1275 1043 1336 In·

139 1355 227 1435 genti
241 1356 427 1418 incremento
445 1358 535 1418 rebus
555 1359 662 1430 auctis,
677 1377 746 1417 cum
761 1357 793 1417 in
807 1364 894 1417 tanta
909 1355 1045 1416 multitu·

140 1437 215 1496 dine
236 1435 405 1510 hominum,
428 1437 604 1499 discrimine
626 1448 706 1498 recte
727 1457 768 1498 an
790 1457 949 1518 perperam
971 1435 1046 1497 facti

140 1515 278 1589 confuso,
294 1516 431 1578 facinora
452 1517 643 1578 clandestina
665 1517 781 1592 fierent,
803 1536 905 1578 carcer
927 1516 967 1576 ad
989 1524 1046 1577 ter·
1061 1516 1100 1576 15

140 1618 242 1658 rorem
267 1597 460 1659 increscentis
486 1598 634 1659 audaciae
661 1597 763 1658 media
790 1597 866 1658 urbe
893 1596 1045 1658 inminens

140 1678 208 1739 foro
229 1677 417 1740 aedificatur.

182 1757 250 1819 Nec
272 1757 344 1819 urbs
364 1768 485 1819 tantum
506 1759 563 1820 hoc
584 1780 655 1839 rege
675 1759 782 1832 crevit,
795 1758 847 1820 sed
864 1759 957 1820 etiam
974 1779 1047 1840 ager

141 1838 278 1918 finesque
290 1861 297 1899 :
318 1839 396 1901 silva
417 1839 529 1900 Massia
544 1838 725 1901 Veientibus
739 1840 883 1919 adempta
897 1838 1047 1919 usquead

141 1939 227 1980 mare
241 1918 403 1998 imperium
418 1921 581 1999 prolatum,
590 1929 621 1982 et
634 1922 666 1980 in
681 1941 732 1981 ore
745 1919 862 1980 Tiberis
873 1919 962 1981 Ostia
974 1919 1046 1980 urbs
1062 1919 1102 1980 20

142 1999 286 2072 condita3
307 2000 422 2060 salinae
437 2000 520 2060 circa
532 2000 642 2074 iactae,
657 2001 835 2080 egregieque
855 1999 945 2062 rebus
965 1999 1047 2062 bello

141 2080 244 2161 gestis,
259 2080 342 2140 aedis
356 2080 378 2142 J
379 2081 444 2141 ovis
459 2080 589 2141 Feretrii
603 2081 799 2160 amplificata.

182 2160 347 2222 XXXIV.
389 2161 478 2220 Anco
493 2171 639 2240 regnante
653 2161 802 2235 Lucumo,
817 2162 864 2224 vir
878 2161 998 2241 inpiger
1010 2181 1047 2222 ac

142 2241 262 2303 divitiis
272 2252 386 2320 potens,
397 2241 528 2302 Romam
539 2242 753 2321 commigravit
761 2242 905 2321 cupidine
915 2243 1048 2302 maxime

142 2343 179 2383 ac
200 2343 254 2402 spe
275 2323 379 2401 magni
398 2322 531 2395 honoris,
554 2323 639 2401 cujus
663 2323 851 2401 adipiscendi
872 2321 1047 2402 Tarquiniis
1062 2321 1101 2382 25

144 2405 233 2476 (nam
261 2402 305 2463 ibi
332 2423 451 2483 quoque
478 2404 639 2483 peregrina
669 2404 763 2482 stirpe
791 2403 937 2464 oriundus
965 2403 1046 2477 erat)
1087 2433 1090 2438 ·

143 2485 277 2545 facultas
290 2504 351 2545 non
365 2484 474 2544 fuerat.
516 2482 676 2546 Demarati
694 2483 845 2544 Corinthii
867 2484 949 2544 filius
970 2493 1045 2557 erat,

144 2567 197 2644 qui
212 2565 257 2625 ob·
266 2565 427 2625 seditiones
442 2564 531 2626 domo
543 2565 689 2645 profugus
701 2587 770 2626 cum
781 2564 956 2645 Tarquiniis
969 2565 1048 2626 forte

144 2645 334 2718 consedisset,
350 2666 445 2706 uxore
460 2646 503 2708 ibi
519 2645 620 2721 ducta,
636 2647 710 2707 duos
731 2647 808 2707 filios
828 2647 942 2726 genuit.
984 2646 1047 2708 No-

144 2727 230 2786 mina
251 2726 298 2787 his
318 2726 457 2787 Lucumo
479 2738 571 2807 atque
591 2727 712 2788 Arruns
733 2727 865 2789 fuerunt.
907 2727 1047 2789 Lucumo
1063 2725 1102 2788 30

144 2806 296 2885 superfuit
309 2808 391 2887 patri
406 2808 555 2868 bonorum
566 2809 702 2868 omnium
714 2809 817 2882 heres;
833 2810 953 2869 Arruns
964 2809 1047 2889 prior

144 2908 237 2967 quam
252 2898 339 2968 pater
352 2889 489 2962 moritur,
504 2910 600 2950 uxore
614 2890 744 2968 gravida
758 2890 871 2951 relicta.
913 2889 979 2951 Nec
993 2890 1047 2950 diu

144 2978 249 3030 manet
263 2979 412 3048 superstes
426 2970 491 3030 filio
505 2979 594 3050 pater
602 2992 609 3042 ;
625 2971 677 3049 qui
689 2991 768 3045 cum,
778 2971 921 3054 ignorans
935 2992 1047 3032 nurum

146 3058 284 3112 ventrem
299 3050 386 3122 ferre,
401 3050 549 3110 inmemor
566 3051 598 3110 in
613 3051 752 3111 testando
773 3054 891 3131 nepotis
910 3051 1047 3112 decessie

144 3139 198 3204 set,
212 3150 317 3210 puero,
331 3138 399 3210 post
418 3131 470 3190 avi
491 3139 619 3190 mortem
641 3131 673 3189 in
695 3131 812 3192 nullam
832 3144 942 3194 sortem
957 3132 1047 3192 bono·
1062 3129 1101 3191 35

145 3231 212 3271 rum
228 3220 312 3284 nato,
326 3211 365 3271 ab
380 3211 483 3290 inopia
502 3211 614 3288 Egerio
632 3211 765 3270 inditum
786 3233 904 3272 nomen.
947 3212 1047 3294 Lucu·

145 3291 229 3351 moni
244 3302 360 3364 contra,
375 3291 510 3351 omnium
532 3289 638 3350 heredi
659 3290 817 3363 bonorum,
832 3313 901 3351 cum
921 3289 1048 3352 divitiae

153 3369 213 3430 'am
235 3372 354 3432 animos
376 3371 519 3440 iacerent,
538 3371 627 3431 auxit
649 3371 744 3430 ducta
765 3371 798 3428 in
821 3369 1049 3427 matrimonium

146 3391 436 3531 Tanaquil‚summo
450 3451 517 3512 loeo
531 3459 605 3511 nata
619 3457 649 3510 et
663 3468 740 3528 quae
754 3447 838 3506 haud
852 3445 942 3506 facile
956 3445 1001 3516 iis,
1016 3445 1049 3504 in
