<?xml version="1.0" encoding="UTF-8"?>
<!DOCTYPE html PUBLIC "-//W3C//DTD XHTML 1.0 Transitional//EN"
    "http://www.w3.org/TR/xhtml1/DTD/xhtml1-transitional.dtd">
<html xmlns="http://www.w3.org/1999/xhtml" xml:lang="en" lang="en">
 <head>
  <title>
</title>
<meta http-equiv="Content-Type" content="text/html;charset=utf-8" />
  <meta name='ocr-system' content='tesseract 3.04.00' />
  <meta name='ocr-capabilities' content='ocr_page ocr_carea ocr_par ocr_line ocrx_word'/>
</head>
<body>
  <div class='ocr_page' id='page_1' title='image "./historieslivybo01chasgoog_0138.png"; bbox 0 0 2568 3782; ppageno 0'>
   <div class='ocr_carea' id='block_1_1' title="bbox 443 210 1145 295">
    <p class='ocr_par' dir='ltr' id='par_1_1' title="bbox 443 210 1145 295">
     <span class='ocr_line' id='line_1_1' title="bbox 443 210 1145 295; baseline -0.003 -19"><span class='ocrx_word' id='word_1_1' title='bbox 443 233 575 278; x_wconf 80' lang='grc'><strong>61666</strong></span> <span class='ocrx_word' id='word_1_2' title='bbox 597 232 696 295; x_wconf 84' lang='lat' dir='ltr'><strong>xxr,</strong></span> <span class='ocrx_word' id='word_1_3' title='bbox 721 214 849 278; x_wconf 79' lang='lat'><strong>55-56.</strong></span> <span class='ocrx_word' id='word_1_4' title='bbox 1082 210 1145 278; x_wconf 81' lang='grc'><strong>133</strong></span> 
     </span>
    </p>
   </div>
   <div class='ocr_carea' id='block_1_2' title="bbox 176 385 1150 2645">
    <p class='ocr_par' dir='ltr' id='par_1_2' title="bbox 176 385 1150 2645">
     <span class='ocr_line' id='line_1_2' title="bbox 184 385 1093 469; baseline -0.002 -21"><span class='ocrx_word' id='word_1_5' title='bbox 184 389 276 449; x_wconf 91' lang='lat' dir='ltr'><strong>midis</strong></span> <span class='ocrx_word' id='word_1_6' title='bbox 296 388 411 448; x_wconf 92' lang='lat' dir='ltr'><strong>incauti</strong></span> <span class='ocrx_word' id='word_1_7' title='bbox 432 388 651 469; x_wconf 82' lang='lat' dir='ltr'><strong>exciperentur,</strong></span> <span class='ocrx_word' id='word_1_8' title='bbox 665 387 750 466; x_wconf 85' lang='lat' dir='ltr'><strong>signo</strong></span> <span class='ocrx_word' id='word_1_9' title='bbox 772 385 904 465; x_wconf 87' lang='lat' dir='ltr'><strong>receptui</strong></span> <span class='ocrx_word' id='word_1_10' title='bbox 918 385 990 446; x_wconf 87' lang='lat' dir='ltr'><strong>dato</strong></span> <span class='ocrx_word' id='word_1_11' title='bbox 1011 406 1093 447; x_wconf 87' lang='lat' dir='ltr'><strong>revo-</strong></span> 
     </span>
     <span class='ocr_line' id='line_1_3' title="bbox 185 464 1093 547; baseline -0.006 -19"><span class='ocrx_word' id='word_1_12' title='bbox 185 479 268 530; x_wconf 86' lang='lat' dir='ltr'><strong>catos</strong></span> <span class='ocrx_word' id='word_1_13' title='bbox 303 469 502 528; x_wconf 81' lang='lat' dir='ltr'><strong>circumdedit</strong></span> <span class='ocrx_word' id='word_1_14' title='bbox 536 468 695 547; x_wconf 81' lang='lat' dir='ltr'><strong>peditibus.</strong></span> <span class='ocrx_word' id='word_1_15' title='bbox 753 466 972 544; x_wconf 84' lang='lat' dir='ltr'><strong>Duodeviginti</strong></span> <span class='ocrx_word' id='word_1_16' title='bbox 1007 464 1093 524; x_wconf 87' lang='lat' dir='ltr'><strong>milia</strong></span> 
     </span>
     <span class='ocr_line' id='line_1_4' title="bbox 186 545 1093 625; baseline -0.007 -15"><span class='ocrx_word' id='word_1_17' title='bbox 186 551 327 610; x_wconf 84' lang='lat' dir='ltr'><strong>Romana</strong></span> <span class='ocrx_word' id='word_1_18' title='bbox 341 557 436 621; x_wconf 88' lang='lat' dir='ltr'><strong>erant,</strong></span> <span class='ocrx_word' id='word_1_19' title='bbox 450 549 563 608; x_wconf 77' lang='lat' dir='ltr'><strong>socium</strong></span> <span class='ocrx_word' id='word_1_20' title='bbox 578 548 707 608; x_wconf 89' lang='lat' dir='ltr'><strong>nominis</strong></span> <span class='ocrx_word' id='word_1_21' title='bbox 725 547 829 608; x_wconf 89' lang='lat' dir='ltr'><strong>Latini</strong></span> <span class='ocrx_word' id='word_1_22' title='bbox 844 547 962 625; x_wconf 79' lang='lat' dir='ltr'><strong>viginti,</strong></span> <span class='ocrx_word' id='word_1_23' title='bbox 976 545 1093 606; x_wconf 88' lang='lat' dir='ltr'><strong>auxilia</strong></span> 
     </span>
     <span class='ocr_line' id='line_1_5' title="bbox 208 628 1093 700; baseline -0.003 -11"><span class='ocrx_word' id='word_1_24' title='bbox 208 640 342 690; x_wconf 90' lang='lat' dir='ltr'><strong>raeterea</strong></span> <span class='ocrx_word' id='word_1_25' title='bbox 363 629 622 700; x_wconf 65' lang='lat' dir='ltr'><strong>Cenomanorum</strong></span> <span class='ocrx_word' id='word_1_26' title='bbox 650 649 685 688; x_wconf 91' lang='lat' dir='ltr'><strong>ea</strong></span> <span class='ocrx_word' id='word_1_27' title='bbox 712 629 776 688; x_wconf 88' lang='lat' dir='ltr'><strong>sola</strong></span> <span class='ocrx_word' id='word_1_28' title='bbox 804 628 835 686; x_wconf 92' lang='grc'><strong>16</strong></span> <span class='ocrx_word' id='word_1_29' title='bbox 856 628 914 687; x_wconf 92' lang='lat' dir='ltr'><strong>fide</strong></span> <span class='ocrx_word' id='word_1_30' title='bbox 942 634 1093 688; x_wconf 84' lang='lat' dir='ltr'><strong>manserat</strong></span> 
     </span>
     <span class='ocr_line' id='line_1_6' title="bbox 182 651 1146 789; baseline -0.007 -18"><span class='ocrx_word' id='word_1_31' title='bbox 182 651 309 771; x_wconf 68' lang='lat' dir='ltr'><strong>itallica</strong></span> <span class='ocrx_word' id='word_1_32' title='bbox 328 730 409 788; x_wconf 87' lang='lat' dir='ltr'><strong>gens.</strong></span> <span class='ocrx_word' id='word_1_33' title='bbox 464 709 507 770; x_wconf 89' lang='lat' dir='ltr'><strong>Iis</strong></span> <span class='ocrx_word' id='word_1_34' title='bbox 528 710 620 789; x_wconf 87' lang='lat' dir='ltr'><strong>copiis</strong></span> <span class='ocrx_word' id='word_1_35' title='bbox 647 729 824 770; x_wconf 88' lang='lat' dir='ltr'><strong>concursum</strong></span> <span class='ocrx_word' id='word_1_36' title='bbox 846 716 897 768; x_wconf 86' lang='lat' dir='ltr'><strong>est.</strong></span> <span class='ocrx_word' id='word_1_37' title='bbox 938 706 1091 769; x_wconf 86' lang='lat' dir='ltr'><strong>Proelium</strong></span> <span class='ocrx_word' id='word_1_38' title='bbox 1127 704 1146 764; x_wconf 89' lang='lat'>5</span> 
     </span>
     <span class='ocr_line' id='line_1_7' title="bbox 188 786 1092 868; baseline -0.004 -18"><span class='ocrx_word' id='word_1_39' title='bbox 188 812 206 850; x_wconf 89' lang='lat' dir='ltr'><strong>a</strong></span> <span class='ocrx_word' id='word_1_40' title='bbox 227 790 402 851; x_wconf 83' lang='lat' dir='ltr'><strong>Baliaribus</strong></span> <span class='ocrx_word' id='word_1_41' title='bbox 422 799 523 850; x_wconf 89' lang='lat' dir='ltr'><strong>ortum</strong></span> <span class='ocrx_word' id='word_1_42' title='bbox 544 799 605 862; x_wconf 89' lang='lat' dir='ltr'><strong>est;</strong></span> <span class='ocrx_word' id='word_1_43' title='bbox 627 790 736 868; x_wconf 90' lang='lat' dir='ltr'><strong>quibus</strong></span> <span class='ocrx_word' id='word_1_44' title='bbox 757 810 826 850; x_wconf 92' lang='lat' dir='ltr'><strong>eum</strong></span> <span class='ocrx_word' id='word_1_45' title='bbox 853 786 967 866; x_wconf 88' lang='lat' dir='ltr'><strong>majore</strong></span> <span class='ocrx_word' id='word_1_46' title='bbox 987 787 1092 848; x_wconf 91' lang='lat' dir='ltr'><strong>robore</strong></span> 
     </span>
     <span class='ocr_line' id='line_1_8' title="bbox 188 868 1093 950; baseline -0.001 -21"><span class='ocrx_word' id='word_1_47' title='bbox 188 870 319 949; x_wconf 83' lang='lat' dir='ltr'><strong>legiones</strong></span> <span class='ocrx_word' id='word_1_48' title='bbox 339 870 525 944; x_wconf 90' lang='lat' dir='ltr'><strong>obsisterent,</strong></span> <span class='ocrx_word' id='word_1_49' title='bbox 546 870 671 930; x_wconf 88' lang='lat' dir='ltr'><strong>diducta</strong></span> <span class='ocrx_word' id='word_1_50' title='bbox 691 891 817 950; x_wconf 89' lang='lat' dir='ltr'><strong>propere</strong></span> <span class='ocrx_word' id='word_1_51' title='bbox 836 869 868 928; x_wconf 92' lang='lat' dir='ltr'><strong>in</strong></span> <span class='ocrx_word' id='word_1_52' title='bbox 889 890 1002 929; x_wconf 90' lang='lat' dir='ltr'><strong>cornua</strong></span> <span class='ocrx_word' id='word_1_53' title='bbox 1018 868 1093 928; x_wconf 89' lang='lat' dir='ltr'><strong>levis</strong></span> 
     </span>
     <span class='ocr_line' id='line_1_9' title="bbox 187 949 1093 1028; baseline -0.004 -18"><span class='ocrx_word' id='word_1_54' title='bbox 187 959 344 1011; x_wconf 88' lang='lat' dir='ltr'><strong>armatura</strong></span> <span class='ocrx_word' id='word_1_55' title='bbox 364 959 417 1023; x_wconf 90' lang='grc'><strong>661,</strong></span> <span class='ocrx_word' id='word_1_56' title='bbox 432 970 510 1028; x_wconf 89' lang='lat' dir='ltr'><strong>quae</strong></span> <span class='ocrx_word' id='word_1_57' title='bbox 528 970 575 1009; x_wconf 88' lang='lat' dir='ltr'><strong>res</strong></span> <span class='ocrx_word' id='word_1_58' title='bbox 595 950 692 1010; x_wconf 85' lang='lat' dir='ltr'><strong>effecit</strong></span> <span class='ocrx_word' id='word_1_59' title='bbox 711 960 746 1010; x_wconf 89' lang='lat' dir='ltr'><strong>ut</strong></span> <span class='ocrx_word' id='word_1_60' title='bbox 767 950 917 1028; x_wconf 81' lang='lat' dir='ltr'><strong>equitatus</strong></span> <span class='ocrx_word' id='word_1_61' title='bbox 938 949 1093 1008; x_wconf 88' lang='lat' dir='ltr'><strong>Romanus</strong></span> 
     </span>
     <span class='ocr_line' id='line_1_10' title="bbox 188 1029 1094 1110; baseline -0.003 -19"><span class='ocrx_word' id='word_1_62' title='bbox 188 1031 340 1110; x_wconf 88' lang='lat' dir='ltr'><strong>extemplo</strong></span> <span class='ocrx_word' id='word_1_63' title='bbox 362 1039 526 1110; x_wconf 83' lang='lat' dir='ltr'><strong>urgeretur.</strong></span> <span class='ocrx_word' id='word_1_64' title='bbox 568 1029 650 1090; x_wconf 87' lang='lat' dir='ltr'><strong>Nam</strong></span> <span class='ocrx_word' id='word_1_65' title='bbox 677 1049 746 1089; x_wconf 88' lang='lat' dir='ltr'><strong>cum</strong></span> <span class='ocrx_word' id='word_1_66' title='bbox 770 1029 824 1091; x_wconf 90' lang='lat' dir='ltr'><strong>vix</strong></span> <span class='ocrx_word' id='word_1_67' title='bbox 840 1030 906 1108; x_wconf 89' lang='lat' dir='ltr'><strong>jam</strong></span> <span class='ocrx_word' id='word_1_68' title='bbox 926 1049 980 1108; x_wconf 90' lang='lat' dir='ltr'><strong>per</strong></span> <span class='ocrx_word' id='word_1_69' title='bbox 999 1050 1030 1089; x_wconf 93' lang='lat' dir='ltr'><strong>se</strong></span> <span class='ocrx_word' id='word_1_70' title='bbox 1051 1049 1094 1088; x_wconf 93' lang='lat' dir='ltr'><strong>re-</strong></span> 
     </span>
     <span class='ocr_line' id='line_1_11' title="bbox 187 1104 1147 1188; baseline -0.008 -17"><span class='ocrx_word' id='word_1_71' title='bbox 187 1111 325 1171; x_wconf 82' lang='lat' dir='ltr'><strong>sisterent</strong></span> <span class='ocrx_word' id='word_1_72' title='bbox 352 1111 455 1170; x_wconf 89' lang='lat' dir='ltr'><strong>decem</strong></span> <span class='ocrx_word' id='word_1_73' title='bbox 480 1107 604 1169; x_wconf 90' lang='lat' dir='ltr'><strong>milibus</strong></span> <span class='ocrx_word' id='word_1_74' title='bbox 630 1109 765 1188; x_wconf 88' lang='lat' dir='ltr'><strong>equitum</strong></span> <span class='ocrx_word' id='word_1_75' title='bbox 787 1116 930 1187; x_wconf 90' lang='lat' dir='ltr'><strong>quattuor</strong></span> <span class='ocrx_word' id='word_1_76' title='bbox 949 1108 1043 1180; x_wconf 90' lang='lat' dir='ltr'><strong>milia,</strong></span> <span class='ocrx_word' id='word_1_77' title='bbox 1064 1116 1095 1167; x_wconf 92' lang='lat' dir='ltr'><strong>et</strong></span> <span class='ocrx_word' id='word_1_78' title='bbox 1109 1104 1147 1164; x_wconf 90' lang='lat'><strong>10</strong></span> 
     </span>
     <span class='ocr_line' id='line_1_12' title="bbox 181 1186 1098 1273; baseline -0.002 -24"><span class='ocrx_word' id='word_1_79' title='bbox 181 1190 250 1252; x_wconf 85' lang='lat' dir='ltr'><strong>fessi</strong></span> <span class='ocrx_word' id='word_1_80' title='bbox 278 1193 404 1272; x_wconf 84' lang='lat' dir='ltr'><strong>integris</strong></span> <span class='ocrx_word' id='word_1_81' title='bbox 433 1192 594 1273; x_wconf 91' lang='lat' dir='ltr'><strong>plerisque,</strong></span> <span class='ocrx_word' id='word_1_82' title='bbox 632 1190 734 1252; x_wconf 92' lang='lat' dir='ltr'><strong>obruti</strong></span> <span class='ocrx_word' id='word_1_83' title='bbox 763 1197 835 1250; x_wconf 90' lang='lat' dir='ltr'><strong>sunt</strong></span> <span class='ocrx_word' id='word_1_84' title='bbox 863 1188 986 1268; x_wconf 88' lang='lat' dir='ltr'><strong>insuper</strong></span> <span class='ocrx_word' id='word_1_85' title='bbox 1013 1186 1098 1248; x_wconf 89' lang='lat' dir='ltr'><strong>velut</strong></span> 
     </span>
     <span class='ocr_line' id='line_1_13' title="bbox 180 1268 1098 1353; baseline -0.003 -23"><span class='ocrx_word' id='word_1_86' title='bbox 180 1271 262 1332; x_wconf 92' lang='lat' dir='ltr'><strong>nube</strong></span> <span class='ocrx_word' id='word_1_87' title='bbox 271 1274 446 1353; x_wconf 89' lang='lat' dir='ltr'><strong>jaculorum</strong></span> <span class='ocrx_word' id='word_1_88' title='bbox 460 1294 479 1333; x_wconf 91' lang='lat' dir='ltr'><strong>a</strong></span> <span class='ocrx_word' id='word_1_89' title='bbox 497 1271 674 1334; x_wconf 85' lang='lat' dir='ltr'><strong>Baliaribus</strong></span> <span class='ocrx_word' id='word_1_90' title='bbox 701 1271 846 1350; x_wconf 87' lang='lat' dir='ltr'><strong>conjecta.</strong></span> <span class='ocrx_word' id='word_1_91' title='bbox 889 1268 941 1328; x_wconf 91' lang='lat' dir='ltr'><strong>Ad</strong></span> <span class='ocrx_word' id='word_1_92' title='bbox 962 1269 1020 1329; x_wconf 92' lang='lat' dir='ltr'><strong>hoc</strong></span> <span class='ocrx_word' id='word_1_93' title='bbox 1040 1268 1098 1328; x_wconf 91' lang='lat' dir='ltr'><strong>ele·</strong></span> 
     </span>
     <span class='ocr_line' id='line_1_14' title="bbox 180 1349 1098 1430; baseline -0.001 -19"><span class='ocrx_word' id='word_1_94' title='bbox 180 1352 289 1430; x_wconf 91' lang='lat' dir='ltr'><strong>phanti</strong></span> <span class='ocrx_word' id='word_1_95' title='bbox 301 1354 465 1415; x_wconf 89' lang='lat' dir='ltr'><strong>eminentes</strong></span> <span class='ocrx_word' id='word_1_96' title='bbox 482 1353 521 1414; x_wconf 92' lang='lat' dir='ltr'><strong>ab</strong></span> <span class='ocrx_word' id='word_1_97' title='bbox 539 1353 685 1414; x_wconf 85' lang='lat' dir='ltr'><strong>extremis</strong></span> <span class='ocrx_word' id='word_1_98' title='bbox 705 1350 857 1424; x_wconf 87' lang='lat' dir='ltr'><strong>cornibus,</strong></span> <span class='ocrx_word' id='word_1_99' title='bbox 867 1351 952 1429; x_wconf 91' lang='lat' dir='ltr'><strong>equis</strong></span> <span class='ocrx_word' id='word_1_100' title='bbox 964 1349 1098 1410; x_wconf 89' lang='lat' dir='ltr'><strong>maxime</strong></span> 
     </span>
     <span class='ocr_line' id='line_1_15' title="bbox 179 1431 1097 1511; baseline 0.002 -21"><span class='ocrx_word' id='word_1_101' title='bbox 179 1451 241 1493; x_wconf 90' lang='lat' dir='ltr'><strong>non</strong></span> <span class='ocrx_word' id='word_1_102' title='bbox 255 1435 325 1496; x_wconf 89' lang='lat' dir='ltr'><strong>visu</strong></span> <span class='ocrx_word' id='word_1_103' title='bbox 339 1435 436 1507; x_wconf 93' lang='lat' dir='ltr'><strong>modo,</strong></span> <span class='ocrx_word' id='word_1_104' title='bbox 452 1435 504 1495; x_wconf 88' lang='lat' dir='ltr'><strong>sed</strong></span> <span class='ocrx_word' id='word_1_105' title='bbox 523 1434 614 1496; x_wconf 91' lang='lat' dir='ltr'><strong>odore</strong></span> <span class='ocrx_word' id='word_1_106' title='bbox 632 1433 755 1494; x_wconf 87' lang='lat' dir='ltr'><strong>insolito</strong></span> <span class='ocrx_word' id='word_1_107' title='bbox 773 1433 895 1505; x_wconf 88' lang='lat' dir='ltr'><strong>territis,</strong></span> <span class='ocrx_word' id='word_1_108' title='bbox 911 1431 1016 1511; x_wconf 87' lang='lat' dir='ltr'><strong>fugam</strong></span> <span class='ocrx_word' id='word_1_109' title='bbox 1036 1431 1097 1492; x_wconf 87' lang='lat' dir='ltr'><strong>late</strong></span> 
     </span>
     <span class='ocr_line' id='line_1_16' title="bbox 178 1510 1150 1594; baseline -0.002 -22"><span class='ocrx_word' id='word_1_110' title='bbox 178 1511 342 1575; x_wconf 83' lang='lat' dir='ltr'><strong>faciebant.</strong></span> <span class='ocrx_word' id='word_1_111' title='bbox 386 1515 538 1576; x_wconf 83' lang='lat' dir='ltr'><strong>Pedestria</strong></span> <span class='ocrx_word' id='word_1_112' title='bbox 556 1535 661 1594; x_wconf 85' lang='lat' dir='ltr'><strong>pugna</strong></span> <span class='ocrx_word' id='word_1_113' title='bbox 679 1536 735 1594; x_wconf 87' lang='lat' dir='ltr'><strong>par</strong></span> <span class='ocrx_word' id='word_1_114' title='bbox 752 1514 862 1574; x_wconf 91' lang='lat' dir='ltr'><strong>animis</strong></span> <span class='ocrx_word' id='word_1_115' title='bbox 886 1513 982 1591; x_wconf 87' lang='lat' dir='ltr'><strong>magis</strong></span> <span class='ocrx_word' id='word_1_116' title='bbox 1004 1533 1096 1591; x_wconf 87' lang='lat' dir='ltr'><strong>quam</strong></span> <span class='ocrx_word' id='word_1_117' title='bbox 1113 1510 1150 1571; x_wconf 77' lang='lat'><strong>15</strong></span> 
     </span>
     <span class='ocr_line' id='line_1_17' title="bbox 178 1593 1097 1675; baseline -0.001 -20"><span class='ocrx_word' id='word_1_118' title='bbox 178 1593 296 1656; x_wconf 82' lang='lat' dir='ltr'><strong>viribus</strong></span> <span class='ocrx_word' id='word_1_119' title='bbox 309 1604 384 1669; x_wconf 88' lang='lat' dir='ltr'><strong>erat,</strong></span> <span class='ocrx_word' id='word_1_120' title='bbox 399 1616 474 1675; x_wconf 90' lang='lat' dir='ltr'><strong>quas</strong></span> <span class='ocrx_word' id='word_1_121' title='bbox 490 1596 619 1656; x_wconf 92' lang='lat' dir='ltr'><strong>recentis</strong></span> <span class='ocrx_word' id='word_1_122' title='bbox 641 1595 769 1667; x_wconf 87' lang='lat' dir='ltr'><strong>Poenus,</strong></span> <span class='ocrx_word' id='word_1_123' title='bbox 788 1595 881 1675; x_wconf 93' lang='lat' dir='ltr'><strong>paulo</strong></span> <span class='ocrx_word' id='word_1_124' title='bbox 897 1604 967 1654; x_wconf 88' lang='lat' dir='ltr'><strong>ante</strong></span> <span class='ocrx_word' id='word_1_125' title='bbox 982 1594 1097 1654; x_wconf 88' lang='lat' dir='ltr'><strong>curatis</strong></span> 
     </span>
     <span class='ocr_line' id='line_1_18' title="bbox 178 1674 1096 1756; baseline 0 -22"><span class='ocrx_word' id='word_1_126' title='bbox 178 1676 365 1754; x_wconf 88' lang='lat' dir='ltr'><strong>corporibus,</strong></span> <span class='ocrx_word' id='word_1_127' title='bbox 379 1677 412 1737; x_wconf 93' lang='lat' dir='ltr'><strong>iu</strong></span> <span class='ocrx_word' id='word_1_128' title='bbox 428 1677 579 1756; x_wconf 90' lang='lat' dir='ltr'><strong>proelium</strong></span> <span class='ocrx_word' id='word_1_129' title='bbox 601 1675 765 1749; x_wconf 89' lang='lat' dir='ltr'><strong>attulerat;</strong></span> <span class='ocrx_word' id='word_1_130' title='bbox 792 1686 898 1736; x_wconf 88' lang='lat' dir='ltr'><strong>contra</strong></span> <span class='ocrx_word' id='word_1_131' title='bbox 915 1676 1022 1755; x_wconf 87' lang='lat' dir='ltr'><strong>jejuna</strong></span> <span class='ocrx_word' id='word_1_132' title='bbox 1041 1674 1096 1735; x_wconf 87' lang='grc'><strong>166·</strong></span> 
     </span>
     <span class='ocr_line' id='line_1_19' title="bbox 177 1755 1093 1836; baseline 0.002 -22"><span class='ocrx_word' id='word_1_133' title='bbox 177 1769 270 1834; x_wconf 88' lang='lat' dir='ltr'><strong>saque</strong></span> <span class='ocrx_word' id='word_1_134' title='bbox 293 1777 421 1836; x_wconf 90' lang='lat' dir='ltr'><strong>corpora</strong></span> <span class='ocrx_word' id='word_1_135' title='bbox 444 1757 591 1818; x_wconf 89' lang='lat' dir='ltr'><strong>Romanis</strong></span> <span class='ocrx_word' id='word_1_136' title='bbox 622 1765 652 1816; x_wconf 92' lang='lat' dir='ltr'><strong>et</strong></span> <span class='ocrx_word' id='word_1_137' title='bbox 676 1756 806 1836; x_wconf 88' lang='lat' dir='ltr'><strong>rigentia</strong></span> <span class='ocrx_word' id='word_1_138' title='bbox 829 1755 901 1836; x_wconf 86' lang='lat' dir='ltr'><strong>gelu</strong></span> <span class='ocrx_word' id='word_1_139' title='bbox 923 1755 1093 1835; x_wconf 90' lang='lat' dir='ltr'><strong>torpebant.</strong></span> 
     </span>
     <span class='ocr_line' id='line_1_20' title="bbox 178 1835 1095 1918; baseline 0.001 -22"><span class='ocrx_word' id='word_1_140' title='bbox 178 1835 372 1899; x_wconf 83' lang='lat' dir='ltr'><strong>Restitissent</strong></span> <span class='ocrx_word' id='word_1_141' title='bbox 392 1847 496 1898; x_wconf 90' lang='lat' dir='ltr'><strong>tamen</strong></span> <span class='ocrx_word' id='word_1_142' title='bbox 520 1837 640 1910; x_wconf 86' lang='lat' dir='ltr'><strong>animis,</strong></span> <span class='ocrx_word' id='word_1_143' title='bbox 658 1837 771 1898; x_wconf 91' lang='lat' dir='ltr'><strong>sicum</strong></span> <span class='ocrx_word' id='word_1_144' title='bbox 788 1837 890 1918; x_wconf 90' lang='lat' dir='ltr'><strong>pedite</strong></span> <span class='ocrx_word' id='word_1_145' title='bbox 905 1837 1002 1897; x_wconf 89' lang='lat' dir='ltr'><strong>solum</strong></span> <span class='ocrx_word' id='word_1_146' title='bbox 1018 1837 1095 1898; x_wconf 87' lang='lat' dir='ltr'><strong>foret</strong></span> 
     </span>
     <span class='ocr_line' id='line_1_21' title="bbox 177 1913 1149 1997; baseline 0.001 -22"><span class='ocrx_word' id='word_1_147' title='bbox 177 1928 366 1995; x_wconf 88' lang='lat' dir='ltr'><strong>puguatum;</strong></span> <span class='ocrx_word' id='word_1_148' title='bbox 387 1918 440 1980; x_wconf 90' lang='lat' dir='ltr'><strong>sed</strong></span> <span class='ocrx_word' id='word_1_149' title='bbox 462 1928 492 1978; x_wconf 93' lang='grc'><strong>61</strong></span> <span class='ocrx_word' id='word_1_150' title='bbox 515 1918 664 1991; x_wconf 83' lang='grc' dir='ltr'><strong>Β6116166,</strong></span> <span class='ocrx_word' id='word_1_151' title='bbox 684 1918 772 1997; x_wconf 91' lang='lat' dir='ltr'><strong>pulso</strong></span> <span class='ocrx_word' id='word_1_152' title='bbox 792 1917 902 1997; x_wconf 91' lang='lat' dir='ltr'><strong>equite,</strong></span> <span class='ocrx_word' id='word_1_153' title='bbox 914 1916 1094 1996; x_wconf 87' lang='lat' dir='ltr'><strong>jaculaban-</strong></span> <span class='ocrx_word' id='word_1_154' title='bbox 1109 1913 1149 1976; x_wconf 83' lang='lat'><strong>20</strong></span> 
     </span>
     <span class='ocr_line' id='line_1_22' title="bbox 177 1998 1094 2079; baseline 0.003 -24"><span class='ocrx_word' id='word_1_155' title='bbox 177 2004 228 2056; x_wconf 92' lang='lat' dir='ltr'><strong>tur</strong></span> <span class='ocrx_word' id='word_1_156' title='bbox 248 1999 282 2058; x_wconf 92' lang='grc'><strong>16</strong></span> <span class='ocrx_word' id='word_1_157' title='bbox 302 1998 408 2073; x_wconf 85' lang='grc'><strong>161616,</strong></span> <span class='ocrx_word' id='word_1_158' title='bbox 423 2008 453 2059; x_wconf 89' lang='grc'><strong>61</strong></span> <span class='ocrx_word' id='word_1_159' title='bbox 476 1998 632 2079; x_wconf 86' lang='lat' dir='ltr'><strong>elephanti</strong></span> <span class='ocrx_word' id='word_1_160' title='bbox 656 1998 721 2078; x_wconf 88' lang='lat' dir='ltr'><strong>jam</strong></span> <span class='ocrx_word' id='word_1_161' title='bbox 745 1999 778 2058; x_wconf 91' lang='lat' dir='ltr'><strong>in</strong></span> <span class='ocrx_word' id='word_1_162' title='bbox 803 1998 934 2058; x_wconf 91' lang='lat' dir='ltr'><strong>mediam</strong></span> <span class='ocrx_word' id='word_1_163' title='bbox 957 1998 1094 2078; x_wconf 92' lang='lat' dir='ltr'><strong>peditum</strong></span> 
     </span>
     <span class='ocr_line' id='line_1_23' title="bbox 177 2077 1093 2159; baseline 0.002 -23"><span class='ocrx_word' id='word_1_164' title='bbox 177 2077 274 2138; x_wconf 85' lang='lat' dir='ltr'><strong>aciem</strong></span> <span class='ocrx_word' id='word_1_165' title='bbox 301 2100 364 2140; x_wconf 86' lang='lat' dir='ltr'><strong>sese</strong></span> <span class='ocrx_word' id='word_1_166' title='bbox 391 2079 536 2153; x_wconf 86' lang='lat' dir='ltr'><strong>tulerant,</strong></span> <span class='ocrx_word' id='word_1_167' title='bbox 564 2089 594 2140; x_wconf 92' lang='grc'><strong>61</strong></span> <span class='ocrx_word' id='word_1_168' title='bbox 626 2079 720 2159; x_wconf 86' lang='lat' dir='ltr'><strong>Mago</strong></span> <span class='ocrx_word' id='word_1_169' title='bbox 751 2080 974 2158; x_wconf 87' lang='lat' dir='ltr'><strong>Numidaeque,</strong></span> <span class='ocrx_word' id='word_1_170' title='bbox 1002 2079 1093 2140; x_wconf 89' lang='lat' dir='ltr'><strong>simul</strong></span> 
     </span>
     <span class='ocr_line' id='line_1_24' title="bbox 177 2156 1094 2241; baseline 0.003 -25"><span class='ocrx_word' id='word_1_171' title='bbox 177 2156 310 2220; x_wconf 87' lang='lat' dir='ltr'><strong>latebras</strong></span> <span class='ocrx_word' id='word_1_172' title='bbox 324 2181 428 2222; x_wconf 89' lang='lat' dir='ltr'><strong>eorum</strong></span> <span class='ocrx_word' id='word_1_173' title='bbox 443 2161 611 2240; x_wconf 86' lang='lat' dir='ltr'><strong>inprovida</strong></span> <span class='ocrx_word' id='word_1_174' title='bbox 628 2161 816 2241; x_wconf 85' lang='lat' dir='ltr'><strong>praeterlata</strong></span> <span class='ocrx_word' id='word_1_175' title='bbox 833 2161 913 2221; x_wconf 88' lang='lat' dir='ltr'><strong>acies</strong></span> <span class='ocrx_word' id='word_1_176' title='bbox 927 2169 980 2235; x_wconf 87' lang='lat' dir='ltr'><strong>est,</strong></span> <span class='ocrx_word' id='word_1_177' title='bbox 995 2159 1094 2220; x_wconf 89' lang='lat' dir='ltr'><strong>exorti</strong></span> 
     </span>
     <span class='ocr_line' id='line_1_25' title="bbox 177 2237 1092 2320; baseline 0.003 -23"><span class='ocrx_word' id='word_1_178' title='bbox 177 2237 216 2298; x_wconf 93' lang='lat' dir='ltr'><strong>ab</strong></span> <span class='ocrx_word' id='word_1_179' title='bbox 242 2249 328 2320; x_wconf 87' lang='lat' dir='ltr'><strong>tergo</strong></span> <span class='ocrx_word' id='word_1_180' title='bbox 356 2242 513 2320; x_wconf 86' lang='lat' dir='ltr'><strong>ingentem</strong></span> <span class='ocrx_word' id='word_1_181' title='bbox 548 2242 717 2302; x_wconf 89' lang='lat' dir='ltr'><strong>tumultum</strong></span> <span class='ocrx_word' id='word_1_182' title='bbox 749 2263 785 2303; x_wconf 91' lang='grc'><strong>66</strong></span> <span class='ocrx_word' id='word_1_183' title='bbox 814 2251 958 2303; x_wconf 91' lang='lat' dir='ltr'><strong>terrorem</strong></span> <span class='ocrx_word' id='word_1_184' title='bbox 988 2241 1092 2301; x_wconf 87' lang='lat' dir='ltr'><strong>fecere.</strong></span> 
     </span>
     <span class='ocr_line' id='line_1_26' title="bbox 176 2316 1147 2400; baseline 0 -22"><span class='ocrx_word' id='word_1_185' title='bbox 176 2316 292 2381; x_wconf 85' lang='lat' dir='ltr'><strong>Tamen</strong></span> <span class='ocrx_word' id='word_1_186' title='bbox 307 2323 338 2381; x_wconf 95' lang='grc'><strong>16</strong></span> <span class='ocrx_word' id='word_1_187' title='bbox 353 2330 399 2383; x_wconf 93' lang='grc'><strong>161</strong></span> <span class='ocrx_word' id='word_1_188' title='bbox 415 2322 687 2384; x_wconf 86' lang='lat' dir='ltr'><strong>circumstantibus</strong></span> <span class='ocrx_word' id='word_1_189' title='bbox 713 2323 802 2384; x_wconf 87' lang='lat' dir='ltr'><strong>malis</strong></span> <span class='ocrx_word' id='word_1_190' title='bbox 820 2321 932 2383; x_wconf 88' lang='lat' dir='ltr'><strong>mansit</strong></span> <span class='ocrx_word' id='word_1_191' title='bbox 947 2321 1094 2400; x_wconf 89' lang='lat' dir='ltr'><strong>aliquam·</strong></span> <span class='ocrx_word' id='word_1_192' title='bbox 1107 2317 1147 2378; x_wconf 78' lang='lat'><strong>25</strong></span> 
     </span>
     <span class='ocr_line' id='line_1_27' title="bbox 177 2398 1094 2485; baseline 0.003 -27"><span class='ocrx_word' id='word_1_193' title='bbox 177 2398 230 2459; x_wconf 91' lang='lat' dir='ltr'><strong>diu</strong></span> <span class='ocrx_word' id='word_1_194' title='bbox 252 2401 368 2464; x_wconf 88' lang='lat' dir='ltr'><strong>inmota</strong></span> <span class='ocrx_word' id='word_1_195' title='bbox 389 2403 478 2476; x_wconf 88' lang='lat' dir='ltr'><strong>acies,</strong></span> <span class='ocrx_word' id='word_1_196' title='bbox 498 2403 635 2464; x_wconf 90' lang='lat' dir='ltr'><strong>maxime</strong></span> <span class='ocrx_word' id='word_1_197' title='bbox 654 2413 774 2485; x_wconf 90' lang='lat' dir='ltr'><strong>praeter</strong></span> <span class='ocrx_word' id='word_1_198' title='bbox 788 2423 871 2483; x_wconf 91' lang='lat' dir='ltr'><strong>spem</strong></span> <span class='ocrx_word' id='word_1_199' title='bbox 887 2403 1023 2464; x_wconf 90' lang='lat' dir='ltr'><strong>omnium</strong></span> <span class='ocrx_word' id='word_1_200' title='bbox 1042 2401 1094 2462; x_wconf 90' lang='lat' dir='ltr'><strong>ad·</strong></span> 
     </span>
     <span class='ocr_line' id='line_1_28' title="bbox 176 2482 1093 2564; baseline 0.001 -23"><span class='ocrx_word' id='word_1_201' title='bbox 176 2499 280 2542; x_wconf 85' lang='lat' dir='ltr'><strong>versus</strong></span> <span class='ocrx_word' id='word_1_202' title='bbox 308 2483 495 2564; x_wconf 88' lang='lat' dir='ltr'><strong>elephantos.</strong></span> <span class='ocrx_word' id='word_1_203' title='bbox 545 2484 607 2544; x_wconf 88' lang='lat' dir='ltr'><strong>Eos</strong></span> <span class='ocrx_word' id='word_1_204' title='bbox 638 2484 745 2546; x_wconf 89' lang='lat' dir='ltr'><strong>velites</strong></span> <span class='ocrx_word' id='word_1_205' title='bbox 765 2484 806 2545; x_wconf 90' lang='lat' dir='ltr'><strong>ad</strong></span> <span class='ocrx_word' id='word_1_206' title='bbox 827 2484 860 2544; x_wconf 93' lang='lat' dir='ltr'><strong>id</strong></span> <span class='ocrx_word' id='word_1_207' title='bbox 881 2482 981 2564; x_wconf 89' lang='lat' dir='ltr'><strong>ipsum</strong></span> <span class='ocrx_word' id='word_1_208' title='bbox 1001 2482 1093 2543; x_wconf 87' lang='lat' dir='ltr'><strong>locati</strong></span> 
     </span>
     <span class='ocr_line' id='line_1_29' title="bbox 176 2562 1093 2645; baseline 0 -23"><span class='ocrx_word' id='word_1_209' title='bbox 176 2563 292 2624; x_wconf 84' lang='lat' dir='ltr'><strong>verutis</strong></span> <span class='ocrx_word' id='word_1_210' title='bbox 314 2565 458 2645; x_wconf 87' lang='lat' dir='ltr'><strong>conjectis</strong></span> <span class='ocrx_word' id='word_1_211' title='bbox 483 2574 513 2626; x_wconf 97' lang='lat' dir='ltr'><strong>et</strong></span> <span class='ocrx_word' id='word_1_212' title='bbox 541 2573 679 2628; x_wconf 88' lang='lat' dir='ltr'><strong>avertere</strong></span> <span class='ocrx_word' id='word_1_213' title='bbox 702 2573 733 2626; x_wconf 92' lang='lat' dir='ltr'><strong>et</strong></span> <span class='ocrx_word' id='word_1_214' title='bbox 754 2565 883 2626; x_wconf 90' lang='lat' dir='ltr'><strong>insecuti</strong></span> <span class='ocrx_word' id='word_1_215' title='bbox 900 2583 1019 2628; x_wconf 86' lang='lat' dir='ltr'><strong>aversos</strong></span> <span class='ocrx_word' id='word_1_216' title='bbox 1037 2562 1093 2623; x_wconf 92' lang='lat' dir='ltr'><strong>sub</strong></span> 
     </span>
    </p>
   </div>
   <div class='ocr_carea' id='block_1_3' title="bbox 177 2642 1192 2786">
    <p class='ocr_par' dir='ltr' id='par_1_3' title="bbox 177 2642 1192 2786">
     <span class='ocr_line' id='line_1_30' title="bbox 177 2642 1192 2724; baseline 0.006 -24"><span class='ocrx_word' id='word_1_217' title='bbox 177 2642 375 2724; x_wconf 74' lang='lat' dir='ltr'><strong>caudisque</strong></span> <span class='ocrx_word' id='word_1_218' title='bbox 401 2665 546 2707; x_wconf 85' lang='lat' dir='ltr'><strong>maxume</strong></span> <span class='ocrx_word' id='word_1_219' title='bbox 576 2646 662 2707; x_wconf 93' lang='lat' dir='ltr'><strong>molli</strong></span> <span class='ocrx_word' id='word_1_220' title='bbox 689 2654 758 2707; x_wconf 90' lang='lat' dir='ltr'><strong>cute</strong></span> <span class='ocrx_word' id='word_1_221' title='bbox 779 2645 908 2707; x_wconf 91' lang='lat' dir='ltr'><strong>vulnera</strong></span> <span class='ocrx_word' id='word_1_222' title='bbox 928 2643 1092 2724; x_wconf 88' lang='lat' dir='ltr'><strong>accipiunt,</strong></span> <span class='ocrx_word' id='word_1_223' title='bbox 1190 2663 1192 2668; x_wconf 55' lang='lat'><strong><em>⁴</em></strong></span> 
     </span>
     <span class='ocr_line' id='line_1_31' title="bbox 177 2719 1147 2786; baseline 0.021 -6"><span class='ocrx_word' id='word_1_224' title='bbox 177 2719 343 2785; x_wconf 87' lang='lat' dir='ltr'><strong>fodiebant.</strong></span> <span class='ocrx_word' id='word_1_225' title='bbox 503 2767 509 2785; x_wconf 61' lang='lat'>2</span> <span class='ocrx_word' id='word_1_226' title='bbox 549 2781 551 2786; x_wconf 95' lang='lat'><em>.</em></span> <span class='ocrx_word' id='word_1_227' title='bbox 1106 2719 1147 2784; x_wconf 85' lang='lat'><strong>3⁰</strong></span> 
     </span>
    </p>
   </div>
   <div class='ocr_carea' id='block_1_4' title="bbox 168 2803 1141 3527">
    <p class='ocr_par' dir='ltr' id='par_1_4' title="bbox 168 2803 1141 3527">
     <span class='ocr_line' id='line_1_32' title="bbox 216 2803 1085 2884; baseline 0.001 -21"><span class='ocrx_word' id='word_1_228' title='bbox 216 2803 304 2864; x_wconf 89' lang='lat' dir='ltr'><strong>LVI.</strong></span> <span class='ocrx_word' id='word_1_229' title='bbox 345 2803 595 2884; x_wconf 82' lang='lat' dir='ltr'><strong>Trepidantisque</strong></span> <span class='ocrx_word' id='word_1_230' title='bbox 621 2810 647 2864; x_wconf 79' lang='lat' dir='ltr'><strong>at</strong></span> <span class='ocrx_word' id='word_1_231' title='bbox 673 2823 767 2882; x_wconf 90' lang='lat' dir='ltr'><strong>prope</strong></span> <span class='ocrx_word' id='word_1_232' title='bbox 789 2803 855 2882; x_wconf 89' lang='lat' dir='ltr'><strong>jam</strong></span> <span class='ocrx_word' id='word_1_233' title='bbox 876 2803 909 2862; x_wconf 91' lang='grc'><strong>16</strong></span> <span class='ocrx_word' id='word_1_234' title='bbox 929 2823 996 2863; x_wconf 87' lang='grc'><strong>6666</strong></span> <span class='ocrx_word' id='word_1_235' title='bbox 1017 2825 1085 2864; x_wconf 88' lang='grc'><strong>666·</strong></span> 
     </span>
     <span class='ocr_line' id='line_1_33' title="bbox 175 2883 1084 2956; baseline 0 -12"><span class='ocrx_word' id='word_1_236' title='bbox 175 2892 323 2944; x_wconf 87' lang='lat' dir='ltr'><strong>sternatos</strong></span> <span class='ocrx_word' id='word_1_237' title='bbox 348 2905 363 2944; x_wconf 86' lang='lat' dir='ltr'><strong>e</strong></span> <span class='ocrx_word' id='word_1_238' title='bbox 388 2884 489 2944; x_wconf 90' lang='lat' dir='ltr'><strong>media</strong></span> <span class='ocrx_word' id='word_1_239' title='bbox 508 2885 580 2944; x_wconf 90' lang='lat' dir='ltr'><strong>-aoie</strong></span> <span class='ocrx_word' id='word_1_240' title='bbox 607 2884 640 2944; x_wconf 87' lang='grc'><strong>16</strong></span> <span class='ocrx_word' id='word_1_241' title='bbox 668 2892 835 2943; x_wconf 89' lang='lat' dir='ltr'><strong>extremam</strong></span> <span class='ocrx_word' id='word_1_242' title='bbox 863 2883 902 2943; x_wconf 91' lang='lat' dir='ltr'><strong>ad</strong></span> <span class='ocrx_word' id='word_1_243' title='bbox 929 2883 1084 2956; x_wconf 89' lang='lat' dir='ltr'><strong>sinistrum</strong></span> 
     </span>
     <span class='ocr_line' id='line_1_34' title="bbox 176 2961 1089 3042; baseline 0.002 -24"><span class='ocrx_word' id='word_1_244' title='bbox 176 2977 272 3020; x_wconf 91' lang='lat' dir='ltr'><strong>cornu</strong></span> <span class='ocrx_word' id='word_1_245' title='bbox 293 2963 437 3026; x_wconf 89' lang='lat' dir='ltr'><strong>adversus</strong></span> <span class='ocrx_word' id='word_1_246' title='bbox 464 2964 571 3026; x_wconf 83' lang='lat' dir='ltr'><strong>Gallos</strong></span> <span class='ocrx_word' id='word_1_247' title='bbox 600 2964 766 3024; x_wconf 84' lang='lat' dir='ltr'><strong>auxiliares</strong></span> <span class='ocrx_word' id='word_1_248' title='bbox 787 2963 838 3042; x_wconf 86' lang='lat' dir='ltr'><strong>agi</strong></span> <span class='ocrx_word' id='word_1_249' title='bbox 854 2963 945 3042; x_wconf 88' lang='lat' dir='ltr'><strong>jussit</strong></span> <span class='ocrx_word' id='word_1_250' title='bbox 970 2961 1089 3022; x_wconf 90' lang='lat' dir='ltr'><strong>Hanni-</strong></span> 
     </span>
     <span class='ocr_line' id='line_1_35' title="bbox 175 3037 1088 3124; baseline 0.003 -25"><span class='ocrx_word' id='word_1_251' title='bbox 175 3037 237 3100; x_wconf 87' lang='lat' dir='ltr'><strong>bal.</strong></span> <span class='ocrx_word' id='word_1_252' title='bbox 280 3042 331 3103; x_wconf 92' lang='lat' dir='ltr'><strong>Ibi</strong></span> <span class='ocrx_word' id='word_1_253' title='bbox 348 3045 596 3124; x_wconf 88' lang='lat' dir='ltr'><strong>extemplo-haut</strong></span> <span class='ocrx_word' id='word_1_254' title='bbox 612 3044 737 3105; x_wconf 90' lang='lat' dir='ltr'><strong>dubiam</strong></span> <span class='ocrx_word' id='word_1_255' title='bbox 748 3043 846 3103; x_wconf 88' lang='grc'><strong>166616</strong></span> <span class='ocrx_word' id='word_1_256' title='bbox 856 3043 970 3122; x_wconf 86' lang='lat' dir='ltr'><strong>fugam,</strong></span> <span class='ocrx_word' id='word_1_257' title='bbox 980 3062 1088 3103; x_wconf 88' lang='lat' dir='ltr'><strong>novus·</strong></span> 
     </span>
     <span class='ocr_line' id='line_1_36' title="bbox 176 3120 1141 3202; baseline 0.002 -23"><span class='ocrx_word' id='word_1_258' title='bbox 176 3139 234 3198; x_wconf 90' lang='lat' dir='ltr'><strong>que</strong></span> <span class='ocrx_word' id='word_1_259' title='bbox 248 3131 346 3186; x_wconf 89' lang='lat' dir='ltr'><strong>terror</strong></span> <span class='ocrx_word' id='word_1_260' title='bbox 363 3125 487 3186; x_wconf 89' lang='lat' dir='ltr'><strong>additus</strong></span> <span class='ocrx_word' id='word_1_261' title='bbox 504 3126 652 3186; x_wconf 89' lang='lat' dir='ltr'><strong>Romanis</strong></span> <span class='ocrx_word' id='word_1_262' title='bbox 667 3135 702 3185; x_wconf 91' lang='lat' dir='ltr'><strong>ut</strong></span> <span class='ocrx_word' id='word_1_263' title='bbox 715 3124 784 3184; x_wconf 87' lang='lat' dir='ltr'><strong>fusa</strong></span> <span class='ocrx_word' id='word_1_264' title='bbox 798 3124 917 3184; x_wconf 89' lang='lat' dir='ltr'><strong>auxilia</strong></span> <span class='ocrx_word' id='word_1_265' title='bbox 937 3143 991 3202; x_wconf 76' lang='lat' dir='ltr'><strong>sua</strong></span> <span class='ocrx_word' id='word_1_266' title='bbox 1006 3122 1087 3184; x_wconf 91' lang='lat' dir='ltr'><strong>vide·</strong></span> <span class='ocrx_word' id='word_1_267' title='bbox 1102 3120 1141 3181; x_wconf 87' lang='lat'><strong>35</strong></span> 
     </span>
     <span class='ocr_line' id='line_1_37' title="bbox 176 3203 1085 3285; baseline 0.002 -25"><span class='ocrx_word' id='word_1_268' title='bbox 176 3214 257 3264; x_wconf 89' lang='lat' dir='ltr'><strong>runt.</strong></span> <span class='ocrx_word' id='word_1_269' title='bbox 302 3205 413 3285; x_wconf 90' lang='lat' dir='ltr'><strong>Itaque</strong></span> <span class='ocrx_word' id='word_1_270' title='bbox 435 3227 504 3266; x_wconf 91' lang='lat' dir='ltr'><strong>cum</strong></span> <span class='ocrx_word' id='word_1_271' title='bbox 521 3206 587 3285; x_wconf 87' lang='lat' dir='ltr'><strong>jam</strong></span> <span class='ocrx_word' id='word_1_272' title='bbox 609 3206 640 3264; x_wconf 90' lang='lat' dir='ltr'><strong>in</strong></span> <span class='ocrx_word' id='word_1_273' title='bbox 663 3205 765 3266; x_wconf 91' lang='lat' dir='ltr'><strong>orbem</strong></span> <span class='ocrx_word' id='word_1_274' title='bbox 787 3213 968 3282; x_wconf 84' lang='lat' dir='ltr'><strong>pugnarent,</strong></span> <span class='ocrx_word' id='word_1_275' title='bbox 983 3203 1085 3263; x_wconf 90' lang='lat' dir='ltr'><strong>decem</strong></span> 
     </span>
     <span class='ocr_line' id='line_1_38' title="bbox 176 3283 1086 3364; baseline 0 -22"><span class='ocrx_word' id='word_1_276' title='bbox 176 3285 263 3346; x_wconf 90' lang='lat' dir='ltr'><strong>milia</strong></span> <span class='ocrx_word' id='word_1_277' title='bbox 287 3287 381 3346; x_wconf 86' lang='lat' dir='ltr'><strong>ferme</strong></span> <span class='ocrx_word' id='word_1_278' title='bbox 394 3287 571 3364; x_wconf 70' lang='lat' dir='ltr'><strong>bominum,</strong></span> <span class='ocrx_word' id='word_1_279' title='bbox 587 3306 656 3346; x_wconf 90' lang='lat' dir='ltr'><strong>eum</strong></span> <span class='ocrx_word' id='word_1_280' title='bbox 672 3284 748 3344; x_wconf 89' lang='lat' dir='ltr'><strong>alibi</strong></span> <span class='ocrx_word' id='word_1_281' title='bbox 763 3283 891 3344; x_wconf 90' lang='lat' dir='ltr'><strong>evadere</strong></span> <span class='ocrx_word' id='word_1_282' title='bbox 905 3283 1086 3361; x_wconf 87' lang='lat' dir='ltr'><strong>nequissent,</strong></span> 
     </span>
     <span class='ocr_line' id='line_1_39' title="bbox 168 3362 1086 3444; baseline -0.005 -18"><span class='ocrx_word' id='word_1_283' title='bbox 168 3366 279 3426; x_wconf 82' lang='lat' dir='ltr'><strong>&#39;media</strong></span> <span class='ocrx_word' id='word_1_284' title='bbox 306 3367 455 3426; x_wconf 84' lang='lat' dir='ltr'><strong>Afrorum</strong></span> <span class='ocrx_word' id='word_1_285' title='bbox 480 3366 554 3438; x_wconf 85' lang='lat' dir='ltr'><strong>acie,</strong></span> <span class='ocrx_word' id='word_1_286' title='bbox 580 3385 641 3444; x_wconf 88' lang='lat' dir='ltr'><strong>qua</strong></span> <span class='ocrx_word' id='word_1_287' title='bbox 666 3363 795 3425; x_wconf 85' lang='lat' dir='ltr'><strong>Gallicis</strong></span> <span class='ocrx_word' id='word_1_288' title='bbox 820 3362 944 3422; x_wconf 90' lang='lat' dir='ltr'><strong>auxiliis</strong></span> <span class='ocrx_word' id='word_1_289' title='bbox 965 3362 1086 3422; x_wconf 90' lang='lat' dir='ltr'><strong>firmata</strong></span> 
     </span>
     <span class='ocr_line' id='line_1_40' title="bbox 178 3445 1086 3527; baseline -0.011 -18"><span class='ocrx_word' id='word_1_290' title='bbox 178 3456 348 3521; x_wconf 72' lang='lat' dir='ltr'><strong>arctoum</strong></span> <span class='ocrx_word' id='word_1_291' title='bbox 371 3446 487 3527; x_wconf 83' lang='lat' dir='ltr'><strong>ingenti</strong></span> <span class='ocrx_word' id='word_1_292' title='bbox 509 3445 601 3520; x_wconf 87' lang='lat' dir='ltr'><strong>caede</strong></span> <span class='ocrx_word' id='word_1_293' title='bbox 621 3445 756 3514; x_wconf 83' lang='lat' dir='ltr'><strong>hostium</strong></span> <span class='ocrx_word' id='word_1_294' title='bbox 776 3460 948 3522; x_wconf 86' lang='lat' dir='ltr'><strong>perrupere,</strong></span> <span class='ocrx_word' id='word_1_295' title='bbox 963 3449 1086 3513; x_wconf 75' lang='lat' dir='ltr'><strong>etcum</strong></span> 
     </span>
    </p>
   </div>
   <div class='ocr_carea' id='block_1_5' title="bbox 0 0 1288 3782">
    <p class='ocr_par' dir='ltr' id='par_1_5' title="bbox 0 0 1288 3782">
     <span class='ocr_line' id='line_1_41' title="bbox 0 0 1288 3782; baseline 0 2"><span class='ocrx_word' id='word_1_296' title='bbox 0 0 1288 3782; x_wconf 95' lang='lat' dir='ltr'><strong> </strong></span> 
     </span>
    </p>
   </div>
  </div>
 </body>
</html>
