2568 3782
167 191 231 258 184
336 207 426 252 r1r1
454 207 549 253 nrvr
577 208 632 252 aa
659 208 773 254 vana
803 207 993 254 coumra

217 363 289 424 (lum
305 384 360 442 pro
375 363 573 436 considerato,
583 364 727 424 inbellem
740 385 796 444 pro
806 365 904 444 perito
916 365 990 426 belli
999 374 1124 428 vocent

217 443 303 504 Malo
318 456 349 504 tc
362 445 481 522 sapiens
496 445 589 504 hostis
604 455 729 518 metuat,
745 465 836 524 quam
857 447 944 506 stulti
960 447 1043 508 cives
1058 447 1124 506 lau-

216 525 299 586 dent.
341 523 454 586 Omnia
475 525 636 584 audentem
658 535 830 586 contemnet
851 525 1022 599 Hannibal,
1040 527 1123 586 nihil

216 613 329 665 temere
349 615 489 682 agentem
510 614 633 666 metuet.
674 605 740 665 Nec
762 626 826 678 eoo,
844 616 879 666 ut
899 607 977 665 nihil
999 618 1123 684 agatur,

178 681 324 756 banonico,
339 683 391 743 sed
413 693 448 744 ut
468 691 606 762 agentem
628 690 658 741 te
679 681 758 742 ratio
778 655 883 757 fiuent,
897 706 957 746 non
979 686 1123 760 fortuna3

211 772 280 822 tuae
294 765 450 842 potestatis
465 783 581 843 semper
592 771 626 821 tu
641 770 753 842 tuaque
767 765 870 824 omnia
884 766 962 838 sint3
984 781 1123 827 armatus

213 840 409 918 intentusque
435 840 614 918 stansque
642 840 792 902 occasioni
816 849 888 900 tuae
911 841 999 914 desis,
1021 863 1121 920 neque

213 941 298 982 suam
319 922 504 980 occasionem
527 921 606 980 hosti
627 921 687 981 des.
730 921 843 981 Omnia
861 942 922 980 nou
939 923 1120 1001 properanti

214 1001 297 1062 clara
326 1012 466 1079 certaque
494 1013 601 1073 erunt;
637 1001 791 1061 festinatio
823 1002 987 1080 inprovida
1016 1012 1062 1062 est
1089 1013 1121 1062 ct

161 1084 199 1146 10
213 1080 332 1142 caeca.’'
608 1081 609 1084 ’

253 1162 325 1222 XL.
367 1161 524 1222 Adversus
539 1163 685 1222 caeratio
701 1162 830 1222 consulis
846 1163 928 1223 hand
947 1184 1021 1223 sane
1036 1163 1120 1224 laeta

213 1243 281 1314 suit,
296 1244 392 1320 magis
407 1246 530 1302 latentis
545 1263 580 1302 ea
595 1263 672 1322 quae
687 1243 801 1303 diceret
815 1264 889 1304 vera
903 1264 996 1322 quam
1011 1243 1119 1304 facilia

212 1324 295 1384 factu
317 1344 386 1382 esse.
430 1322 601 1383 ‘Dictatori
623 1325 803 1401 magistrum
822 1325 958 1404 equitum
974 1325 1119 1384 intolera-

212 1404 304 1464 bilem
326 1404 434 1477 l'uisse;
456 1403 531 1482 quid
554 1405 671 1463 consuli
694 1404 838 1464 adversus
860 1404 1019 1484 conlegam
1041 1407 1118 1466 sedi-

160 1486 197 1546 15
211 1485 322 1545 tiosum
336 1504 373 1544 ac
386 1484 582 1544 temerarium
594 1485 707 1544 virium
722 1493 813 1563 atque
827 1485 1019 1544 auctoritatis
1033 1485 1118 1546 fore?

211 1561 249 1640 Se
273 1563 421 1643 populare
445 1565 620 1624 incendium
645 1565 746 1644 priore
767 1565 925 1624 consulatu
946 1576 1114 1625 semustum

211 1645 364 1724 efl'ugisse;
387 1653 501 1724 optare,
523 1654 557 1704 ut
579 1647 683 1704 omnia
705 1665 846 1723 prospere
869 1645 1044 1717 evenirent;
1070 1657 1117 1707 set

209 1725 235 1786 si
252 1725 326 1804 quid
348 1725 467 1786 adversi
482 1725 612 1796 caderet,
627 1724 759 1785 hostium
775 1745 806 1784 se
820 1725 889 1784 telis
904 1727 1005 1804 potius
1021 1747 1116 1805 quam

209 1805 361 1885 suflragiis
375 1805 522 1864 iratorum
537 1806 652 1865 civium
667 1814 760 1885 caput
773 1804 982 1884 objecturum'

157 1887 197 1949 20
250 1884 302 1945 Ab
316 1887 374 1946 hoc
394 1905 530 1946 sermone
551 1886 720 1964 profectum
741 1885 873 1945 Paulum
894 1887 1032 1959 tradunt,
1046 1909 1116 1966 pro·

208 1966 403 2046 sequentibus
417 1965 601 2046 primoribus
622 1975 762 2046 patrnm;
784 1964 937 2044 plebeium
955 1970 1113 2028 consulem

208 2067 264 2107 sua
284 2045 387 2126 plebes
407 2055 574 2125 prosecuta,
593 2041 684 2110 turba
704 2047 901 2126 conspectior,
923 2067 991 2108 cum
1014 2048 1114 2129 digni-

208 2136 286 2188 tates
300 2127 443 2188 deessent.

248 2207 338 2270 Utin
355 2218 455 2268 castra
469 2217 627 2282 venerunt,
642 2207 795 2287 permixto
815 2228 895 2269 novo
916 2209 1054 2269 exercitu
1076 2231 1114 2272 ac

155 2288 318 2360 revetere,
333 2289 440 2348 castris
460 2288 602 2348 bilariam
623 2289 721 2360 santia,
740 2298 773 2348 nt
787 2308 868 2348 nova
882 2289 1000 2349 minora
1014 2300 1114 2352 esseut

207 2368 331 2448 propius
342 2367 560 2440 Hannibalem,
573 2369 604 2430 in
616 2369 769 2428 veteribus
783 2369 880 2447 major
892 2387 964 2448 ‘pars
978 2378 1008 2430 et
1022 2391 1114 2432 omne

207 2449 301 2510 robur
313 2449 425 2509 virium
436 2449 687 2520 esset,consuln1n
699 2450 772 2508 anni
787 2449 897 2527 prioris
910 2449 954 2508 M.
966 2449 1112 2524 Atilium,

207 2538 338 2589 aetatem
365 2540 572 2602 excusantem,
601 2529 732 2589 Romam
760 2531 916 2601 miserunt,
945 2528 1112 2592 Geminum

207 2601 371 2670 Servilium
393 2610 425 2674 ln
447 2610 615 2670 minoribus
637 2611 742 2670 castris
762 2609 875 2688 legioni
900 2609 1060 2671 Romanae
1081 2621 1113 2672 et

153 2690 193 2751 30
206 2691 321 2750 sociem
342 2689 480 2769 peditum
502 2692 698 2770 equitumque
719 2690 837 2751 duobus
857 2689 982 2749 milibus
1002 2691 1111 2770 praefi·

206 2771 299 2830 ciunt.

246 2849 407 2910 Hannibal
418 2870 601 2931 quamquam
614 2860 702 2931 parte
712 2848 841 2912 dimidia
854 2859 959 2912 auctas
973 2850 1110 2914 hostium

205 2930 307 3010 copias
323 2931 474 3004 cernebat,
490 2941 592 2992 tamen
614 2932 751 2992 adventu
771 2932 929 2992 consulum
944 2933 1021 2993 mire
1035 2954 1110 3012 gau-

204 3011 284 3073 dere.
327 3011 358 3072 N
360 3033 399 3072 on
419 3012 519 3086 solnm,
532 3012 614 3072 enim
628 3013 706 3072 nihil
721 3033 760 3072 ex
774 3013 869 3092 raptis
884 3013 916 3072 in
931 3012 1011 3073 diem
1028 3035 1109 3073 com·

151 3089 355 3151 comeatibus
381 3091 555 3170 superabat,
578 3093 628 3152 sed
658 3113 697 3152 ne
724 3093 805 3152 unde
833 3103 954 3172 raperet
981 3095 1107 3174 quidem

203 3169 368 3247 quicquam
382 3171 493 3249 reliqui
507 3180 582 3242 erat,
597 3173 679 3231 omni
697 3173 834 3251 undique
849 3173 1012 3245 frumento,
1028 3185 1107 3252 post

203 3265 296 3324 quam
317 3267 389 3325 ager
403 3269 510 3326 parum
533 3259 617 3310 tutus
638 3261 712 3323 erat,
728 3251 760 3310 in
775 3251 865 3312 urbes
885 3253 1106 3313 munitascon·

202 3334 300 3396 vecto,
314 3337 350 3384 ut
363 3327 423 3385 vix'
433 3327 536 3408 decem
551 3329 679 3400 dierum,
693 3331 775 3408 quod
797 3331 977 3410 conpertum
999 3343 1105 3412 postea

201 3409 256 3472 est,
264 3403 449 3462 frumentum
459 3409 958 3490 superesset,Hispanorumqueob
967 3412 1105 3492 inopiam
