2520 3784
451 217 586 264 00000
610 218 635 281 1,
663 197 748 266 6-7.
1057 200 1104 271 23,

138 399 201 458 que
230 374 415 456 increpitans
443 373 601 452 adjecisset
625 377 643 405 “
651 373 695 433 010
719 373 838 448 deinde,
863 374 1047 454 quicumque

139 459 222 519 alius
234 457 386 518 transiliet
396 456 515 515 moenia
527 455 609 514 meai
623 454 650 528 ”,
662 455 863 516 interfectum.
906 454 956 514 Ita
966 455 1047 514 solus

138 541 258 619 potitus
287 537 413 616 imperio
442 535 608 608 Romulus;
638 535 760 596 condita
784 535 856 596 urbs
882 535 1048 596 conditoris

139 619 267 680 nomine
288 616 452 696 appellata.

185 699 341 759 Palatium
356 698 499 776 primurn,
514 696 546 755 in
567 716 627 774 quo
648 696 712 776 ipse
730 705 795 756 erat
813 696 970 770 educatus,
983 717 1048 758 mu·
1081 696 1101 760 5

141 781 212 840 niit.
254 779 349 839 Sacra
369 777 428 838 diis
448 777 517 836 aliis
537 775 663 837 Albano
684 777 753 850 ritu,
769 775 887 838 Graeco
907 776 1047 850 Herculi,

142 870 180 920 ut
201 858 241 920 ab
262 859 410 918 Evandro
432 857 572 917 instituta
592 865 689 929 erant,
704 853 787 917 facit.
829 856 995 918 Herculem
1015 857 1049 917 in

144 941 273 1012 001000,
288 937 430 1018 Geryone
445 938 636 1016 interempto,
650 937 741 998 boves
763 937 841 997 mira
861 938 960 1017 specie
979 937 1048 998 abe-

144 1022 224 1102 gisse
238 1027 417 1092 memorant,
432 1039 468 1077 ac
482 1038 576 1096 prope
590 1016 722 1078 Tiberim
745 1017 883 1092 fluvium,
899 1038 960 1098 qua
973 1038 1047 1097 prae

143 1123 177 1162 se
190 1109 363 1161 armentum
377 1119 470 1176 agens
484 1097 585 1158 nando
600 1098 769 1177 trajecerat,
780 1097 846 1158 1000
862 1098 998 1172 herbido,
1013 1107 1048 1158 ut
1064 1098 1102 1160 10

145 1183 248 1261 quiete
262 1188 293 1240 et
306 1177 420 1259 pabulo
434 1177 559 1238 laetiore
573 1177 708 1239 reficeret
722 1178 822 1252 boves,
837 1187 867 1239 et
880 1180 978 1258 ipsum
994 1179 1049 1239 fes·

144 1283 213 1322 snm
239 1261 291 1321 via
315 1257 518 1338 procubuisse.
560 1257 609 1319 Ibi
634 1277 703 1318 cum
728 1279 796 1318 eum
822 1259 891 1319 cibo
915 1258 1048 1338 vinoque

144 1351 311 1422 gravatum
331 1359 421 1418 sopor
441 1339 642 1418 oppressisset,
657 1349 760 1418 pastor
779 1340 884 1400 accola
905 1341 968 1419 ejus
989 1339 1050 1400 loci

145 1423 269 1483 nomine
293 1419 401 1492 Cacus,
426 1420 513 1480 ferox
536 1418 662 1491 viribus,
686 1429 794 1497 captus
818 1420 1049 1500 pulchritudine

145 1504 239 1563 boum
267 1521 339 1561 cum
367 1508 503 1560 avertere
530 1519 598 1559 eam
625 1501 770 1579 praedam
794 1499 898 1573 vellet,
919 1501 1000 1579 quia,
1022 1499 1048 1560 si
1063 1503 1102 1564 15

144 1582 264 1663 agendo
275 1591 448 1641 armentum
462 1581 494 1640 in
508 1580 684 1660 speluncam
696 1581 898 1660 compulisset,
911 1581 976 1660 ipsa
986 1601 1048 1642 ves·

146 1664 224 1744 tigia
238 1673 433 1741 quaerentem
449 1662 606 1723 dominum
621 1681 655 1721 00
670 1662 840 1722 deductura
854 1674 950 1735 erant,
965 1683 1048 1723 aver-

144 1767 192 1806 sos
207 1745 309 1817 boves,
323 1744 470 1803 eximium
484 1763 633 1822 quemque
648 1743 885 1821 pulchritudine,
897 1743 1002 1803 caudis
1016 1743 1049 1802 in

143 1826 323 1906 speluncam
338 1826 443 1884 traxit.

187 1905 340 1966 Hercules
354 1903 393 1964 ad
410 1903 540 1983 primam
561 1923 703 1963 auroram
723 1924 828 1964 somno
845 1904 963 1966 excitus
978 1925 1046 1965 cum
1063 1905 1103 1966 20

145 2007 268 2067 gregem
284 1985 494 2065 perlustrasset
508 1983 603 2043 oculis
618 1993 648 2043 et
662 1995 778 2062 partem
800 1985 902 2046 abesse
922 2005 1048 2045 numero

146 2069 294 2138 sensisset,
310 2065 410 2145 pergit
424 2064 463 2124 ad
479 2064 649 2142 proximam
669 2065 854 2144 speluncam,
868 2065 894 2125 si
914 2067 992 2125 forte
1013 2085 1047 2125 00

146 2147 277 2226 vestigia
297 2147 420 2206 ferrent.
462 2144 551 2220 Quae
572 2143 624 2226 ubi
645 2146 748 2205 omnia
767 2145 848 2206 foras
865 2143 952 2208 uersa
969 2145 1050 2207 vidit

147 2249 202 2288 nec
224 2229 255 2287 in
277 2237 395 2306 partem
420 2225 515 2285 aliam
536 2225 623 2296 ferre,
643 2226 783 2286 confusus
804 2236 896 2304 atque
916 2227 1048 2286 incertus

147 2308 243 2368 animi
258 2329 297 2366 ex
312 2308 379 2368 loco
393 2305 502 2365 infesto
517 2325 606 2383 agere
620 2325 708 2384 porro
730 2318 901 2384 armentum
922 2307 1048 2386 occepit.
1064 2308 1104 2367 25

148 2389 226 2450 Inde
240 2407 309 2448 cum
325 2398 411 2448 actae
425 2385 516 2446 boves
531 2385 679 2463 quasdam
695 2386 734 2446 ad
750 2387 941 2459 desiderium,
957 2397 991 2446 ut
1006 2386 1049 2459 fit,

147 2470 324 2528 relictarum
339 2467 516 2546 mugissent,
529 2465 647 2524 reddita
658 2466 845 2526 inclusarum
856 2488 894 2526 ex
905 2467 1051 2546 spelunca

148 2551 240 2610 boum
254 2569 317 2609 vox
332 2547 499 2608 Herculem
515 2546 673 2606 convertit.
716 2547 817 2623 Quem
837 2568 905 2608 cum
927 2547 966 2608 ad
987 2568 1050 2627 spe-

148 2630 272 2690 luncam
286 2630 447 2689 vadentem
470 2626 568 2686 Cacus
585 2627 617 2686 vi
639 2627 799 2706 prohibere
820 2638 945 2689 conatus
966 2637 1050 2700 esset,

149 2712 227 2770 ictus
257 2710 358 2782 clava,
382 2709 472 2767 fidem
500 2715 656 2785 pastorum
684 2709 867 2786 nequiquam
895 2709 1050 2780 invocans,
1066 2709 1105 2770 30

148 2800 244 2850 morte
265 2789 417 2850 occubuit.

189 2871 336 2930 Evander
352 2880 416 2928 tum
432 2887 476 2940 ea,
492 2866 638 2946 profugus
660 2888 697 2927 ex
718 2867 935 2947 Peloponneso,
950 2877 1052 2930 aucto·
1142 2899 1145 2908 ·

149 2952 238 3012 ritate
255 2951 353 3029 magis
367 2969 460 3028 quam
481 2948 608 3026 imperio
630 2948 754 3026 regebat
775 2948 851 3021 loca,
867 2949 1050 3010 venerabilis

150 3033 197 3092 vir
213 3031 362 3091 miraculo
376 3030 557 3099 litterarum,
573 3028 615 3086 rei
631 3048 728 3088 novae
743 3029 821 3088 inter
836 3030 924 3089 rudes
939 3031 1051 3090 artium

150 3112 294 3184 homines,
317 3108 521 3170 venerabilior
546 3108 707 3169 divinitate
731 3109 847 3169 credita
871 3109 1051 3171 Carmentae
1066 3110 1105 3170 35

150 3194 264 3264 matris,
289 3211 382 3270 quam
408 3188 588 3266 fatiloquam
612 3199 684 3249 ante
708 3188 845 3271 Sibyllae
869 3191 900 3249 in
927 3189 1052 3249 Italiam

151 3272 318 3333 adventum
332 3271 461 3330 miratae
474 3288 527 3327 eae
540 3279 644 3346 gentes
658 3269 788 3330 fuerant
831 3270 862 3329 Is
873 3282 939 3330 tum
951 3269 1052 3331 Evan-

151 3352 211 3424 der,
228 3370 376 3412 concursu
392 3357 547 3428 pastornm
563 3350 782 3426 trepidantium
797 3349 879 3408 circa
900 3349 1051 3409 advenam

151 3433 330 3509 manifestae
357 3449 441 3490 reum
471 3428 571 3488 caedis
598 3429 728 3500 excitus,
749 3437 909 3506 postquam
934 3427 1052 3487 facinus
