2562 3788
161 235 225 300 190
334 251 423 297 r1r1
450 251 548 300 nrvr
573 251 628 297 nn
654 211 769 300 vans
799 249 992 298 oonnrrn

211 411 347 489 equitum
377 406 538 468 Gallorum
569 407 839 487 Hispanorumque
869 405 992 466 laevum
1022 407 1121 467 cornu²

211 511 281 551 cum
310 491 418 550 dextro
448 489 588 548 Romano
617 489 780 559 concurrit,
810 487 934 549 minime
968 488 1119 564 equestris

212 591 295 630 more
309 589 447 649 pugnae3
461 569 613 629 frontibus
627 569 707 627 enim
723 566 858 628 adversis
872 566 1119 627 concurrendum

212 660 286 724 erat,
303 652 384 729 quia,
399 648 486 709 nullo
507 649 590 709 eirca
610 649 649 708 ad
671 647 864 726 evagandum
881 646 987 706 relicto
1008 647 1118 785 spatia

179 731 285 793 dhinc
306 730 412 801 amnis,
427 728 500 789 blnc
517 729 654 808 peditum
676 729 756 787 acies
778 726 971 787 claudebant,
1034 747 1055 786 n
1071 726 1119 786 de·

212 823 330 872 rectum
360 810 514 888 utrimque
549 809 687 882 nitentes,
715 807 867 867 stantibus
901 827 936 866 ac
972 807 1121 867 confertis

253 901 364 952 stremo
385 890 477 950 turba
498 890 591 968 equis,
607 890 655 949 vir
673 889 774 950 virum
796 887 958 966 amplexus
979 886 1121 947 detrahe

234 980 266 1031 at
285 991 371 1050 eque.
413 969 557 1030 Pedestre
578 988 690 1047 magna
706 969 771 1047 jam
793 988 833 1028 ex
854 977 941 1046 parte
962 977 1120 1027 certamen

213 1051 328 1112 factum
343 1060 425 1122 erat;
447 1050 546 1110 aurius
568 1059 670 1110 tamen
693 1068 784 1127 quam
806 1048 922 1108 diritius
943 1057 1119 1129 pugnatum

160 1133 199 1195 10
212 1141 266 1205 est,
294 1131 433 1211 pulsique
462 1130 594 1190 Romani
623 1129 738 1208 equites
765 1137 851 1207 terga
874 1131 1009 1188 uertunt.
1053 1127 1119 1188 Sub

212 1212 357 1293 equestris
372 1212 462 1271 finem
478 1211 653 1271 certaminis
672 1218 776 1270 coorta
790 1218 835 1268 est
849 1209 987 1288 peditum
1003 1228 1119 1288 pugna,

212 1293 312 1373 primo
325 1301 356 1352 et
370 1291 486 1352 viribus
500 1301 531 1351 et
545 1291 654 1351 animis
668 1311 734 1370 par,
750 1289 824 1349 dum
839 1288 1021 1349 constabant
1036 1288 1116 1349 ordi·

212 1392 264 1432 nes
294 1371 394 1432 Gallis
424 1372 648 1450 Hispanisque3
677 1371 801 1432 taudem
830 1369 972 1442 Romani,
997 1369 1051 1428 diu
1082 1389 1118 1430 ac

212 1471 302 1531 saepe
323 1453 426 1526 conisi,
448 1452 573 1530 obliqua
593 1452 693 1512 fronte
714 1453 838 1530 acieque
858 1449 952 1509 densa
975 1449 1119 1529 inpulere

161 1532 345 1594 15hostium
371 1553 500 1593 cuneum
525 1534 615 1593 nimis
639 1542 762 1593 tenuem
790 1551 883 1610 eoque
906 1550 1016 1610 parum
1041 1529 1119 1590 vali·

213 1613 298 1685 dum,
312 1634 330 1673 a
344 1623 443 1673 cetera
457 1614 677 1692 prominentem
692 1614 766 1673 acie.
808 1611 942 1691 Inpulsis
957 1611 1068 1670 deinde
1081 1631 1120 1670 ac

213 1693 331 1772 trepide
356 1693 555 1754 referentibus
580 1694 686 1773 pedem
708 1693 852 1766 institere,
874 1713 911 1752 ac
931 1701 1036 1752 tenore
1056 1713 1119 1753 uno

213 1793 268 1853 per
289 1793 430 1853 praeceps
452 1795 565 1853 pavore
585 1774 768 1854 fugientium
793 1783 912 1853 agmenv
927 1773 957 1832 iu
985 1773 1118 1833 mediam

213 1855 347 1932 primum
371 1855 467 1914 aciem
492 1855 591 1928 inlati,
615 1866 764 1933 postremo
789 1854 875 1914 nullo
900 1855 1057 1915 resistente
1078 1854 1119 1914 ad

161 1935 200 1996 20
214 1933 347 1994 subsidia
362 1934 508 1995 Afrorum
524 1946 735 2014 pervenerunt,
750 1936 803 2014 qui
818 1935 970 2014 utrimque
985 1934 1122 1994 reductis

214 2014 271 2074 alis
292 2016 498 2089 constiterant,
514 2017 622 2089 media,
637 2037 699 2095 qua
713 2017 798 2078 Galli
820 2015 1012 2094 Hispanique
1032 2011 1121 2075 stete-²

214 2105 292 2167 rant,
317 2095 509 2174 aliquantum
533 2098 724 2175 prominente
748 2097 821 2166 acie.
864 2096 931 2172 Qui·
949 2103 1063 2155 cuneus
1084 2105 1121 2156 ut

214 2175 319 2254 pulsus
333 2176 476 2254 aequavit
491 2178 620 2238 frontem
635 2179 778 2256 primum,
793 2177 861 2236 dein
877 2175 1011 2236 cedendo
1026 2177 1120 2236 etiam

213 2257 313 2314 sinum
330 2257 360 2314 in
375 2256 474 2317 medio
489 2257 582 2331 dedit,
592 2258 663 2318 Afri
677 2259 760 2319 cirea
769 2259 834 2338 jam
847 2276 961 2316 cornua
973 2255 1120 2328 fecerant,

161 2339 199 2400 25
214 2335 464 2416 inruentibusque
485 2339 607 2398 incaute
628 2339 660 2398 in
682 2339 816 2398 medium
831 2337 977 2397 Romanis
992 2334 1122 2396 circum·

214 2416 323 2476 dedere
340 2417 421 2489 alas;
444 2439 515 2478 niox
537 2440 652 2480 cornua
672 2418 864 2480 extendendo
886 2417 1021 2477 clausere
1036 2427 1067 2476 et
1081 2416 1121 2477 ab

213 2505 297 2575 tergo
326 2497 427 2558 hostie.
480 2498 566 2560 Hinc
595 2500 736 2572 Romani,
766 2499 903 2558 defuncti
931 2498 1121 2577 nequiquam

213 2578 329 2656 proelio
358 2598 427 2651 uno,
456 2581 571 2640 omissis
607 2579 706 2640 Gallis
741 2579 958 2658 Hispanisque,
987 2597 1119 2656 quorum

214 2669 300 2736 terga
322 2659 501 2733 ceciderant,
524 2661 669 2723 adversus
690 2659 782 2720 Afros
808 2661 958 2736 integram
984 2676 1122 2736 pugnam

161 2741 200 2804 30
214 2737 330 2812 ineunt,
340 2759 400 2799 non
415 2749 535 2800 tantum
549 2763 584 2801 eo
600 2741 745 2819 iniquam,
756 2738 836 2818 quod
850 2738 960 2797 inclusi
975 2738 1122 2799 adversus

214 2818 420 2889 circumfusos¹
436 2821 487 2880 sed
503 2821 594 2881 etiam
610 2821 690 2899 quod
711 2821 779 2880 fessi
802 2839 871 2879 cum
892 2818 1067 2879 recentibus
1086 2838 1122 2878 ac

132 2970 154 2978 Ἴ,
214 2901 329 2978 vegetis
344 2902 531 2980 pugnabant.

254 2979 411 3040 XLVIII.
454 2981 526 3043 Jam
542 2990 572 3041 et
585 2981 707 3040 sinistro
728 3000 822 3040 cornu
845 2980 994 3049 Romano,
1010 2978 1064 3038 ubi
1080 2999 1122 3038 so-

215 3059 331 3119 ciorum
352 3062 466 3139 equites
488 3063 632 3123 adversus
654 3061 805 3121 Numidas
825 3069 981 3130 steterant,
1004 3079 1121 3118 conser-

162 3142 199 3196 35
215 3149 280 3196 tum
295 3140 443 3214 proelium
460 3151 533 3212 erat,
548 3149 639 3218 segne
652 3142 796 3220 primo'et
810 3161 829 3200 a
843 3141 961 3200 Pu'nica
980 3149 1123 3217 coeptum

214 3217 330 3275 fraude.
374 3219 543 3296 Quingenti
560 3222 666 3292 ,ferme
683 3220 857 3293 Numidae,
883 3228 1003 3298 praeter
1032 3219 1124 3278 solita'

214 3313 300 3352 arma
321 3295 443 3372 telaque
463 3298 581 3375 gladios
602 3299 737 3359 occultos
762 3301 818 3359 sub
843 3300 945 3359 loricis
965 3297 1124 3371 habentes,

213 3373 312 3446 specie
328 3376 555 3452 transfugarum
577 3397 647 3436 cum
669 3379 708 3437 ab
729 3380 791 3438 suis
812 3399 935 3457 parmas
953 3388 1021 3457 post
1037 3387 1125 3456 terga

152 3483 154 3489 ·
213 3447 359 3508 habentes
387 3453 621 3530 adequitassent‚
647 3465 770 3535 repente
786 3458 834 3518 'ex
858 3459 944 3537 equis
965 3457 1128 3533 desiliunt}
