2568 3782
431 246 562 294 arran
588 245 680 310 xxr,
707 229 839 292 42-43.
1065 226 1125 290 121

175 412 296 484 urgent,
320 404 376 465 vix
400 403 525 482 integris
550 401 635 463 vobis
659 423 696 461 ac
719 399 894 480 vigentibus
920 401 1074 462 tramitae.

176 485 238 544 Hic
267 484 451 544 vincendum
482 494 536 542 aut
564 481 763 554 moriendum,
791 482 911 552 milites,
940 491 993 554 est,
1021 481 1074 540 ubi

176 565 309 643 primum
331 564 410 623 hosti
431 563 610 624 occurristis.
653 563 696 622 Et
720 562 825 622 eadem
846 561 976 629 fortuna,
998 581 1076 639 quae

176 646 386 704 necessitatem
414 643 571 721 pugnandi
598 642 739 721 inposuit,
767 642 903 720 praemia
927 640 1012 701 vobis
1040 661 1076 700 ea

177 724 343 786 victoribus
357 724 510 802 proponit,
525 723 634 802 quibus
655 722 806 800 ampliora
822 721 957 782 homines
977 740 1015 780 ne
1036 720 1075 780 ab
1110 721 1129 780 5

177 805 234 865 diis
248 805 372 883 quidem
388 803 602 863 inmortalibus
617 813 721 880 optare
735 802 841 862 solent.
883 801 915 860 Si
938 801 1075 861 Siciliam

177 893 295 944 tantum
308 905 344 945 ae
354 884 529 946 Sardiniam
541 883 714 962 parentibus
725 883 834 942 nostris
845 890 963 959 ereptas
973 881 1077 941 nostra

177 965 290 1025 virtute
304 965 512 1043 recuperaturi
528 983 664 1036 essemus,
679 964 751 1022 satis
770 972 871 1022 tamen
893 961 997 1040 ampla
1011 981 1076 1040 pre-

177 1045 220 1105 tia
243 1054 358 1118 essent;
380 1044 528 1124 quidquid
551 1043 683 1104 Romani
704 1053 748 1103 tot
769 1042 931 1121 triumphis
954 1051 1074 1120 partum

177 1132 411 1204 congestumque
431 1125 592 1204 possident,
608 1125 639 1183 id
655 1143 743 1184 omne
758 1133 891 1184 vestrum
913 1143 982 1192 Ι011111
1004 1122 1075 1199 ipsis
1092 1121 1130 1182 10

176 1205 306 1266 dominis
327 1207 464 1266 futurum
485 1214 545 1277 est;
568 1206 599 1264 in
621 1205 700 1264 hanc
725 1213 788 1264 tam
813 1203 947 1282 opimam
967 1223 1076 1262 meree·

176 1285 254 1358 dem,
276 1286 462 1365 agitedum,
485 1287 542 1346 diis
563 1286 638 1346 bene
655 1283 836 1364 juvantibus
857 1304 943 1344 arma
964 1283 1071 1362 capite.

175 1365 255 1426 Satis
276 1367 378 1427 adhuc
393 1367 424 1425 in
440 1368 531 1427 vastis
547 1367 723 1426 Lusitaniae
739 1363 979 1442 Celtiberiaeque
994 1383 1076 1424 mon-

175 1446 255 1506 tibus
277 1447 605 1526 pecora.consectando
627 1447 746 1506 nullum
769 1445 1006 1504 emolumentum
1031 1452 1077 1504 tot

175 1525 316 1588 laborum
338 1527 601 1607 periculorumque
616 1537 785 1588 vestrorum
800 1525 935 1594 vidistis;
958 1534 1075 1603 tempus
1091 1525 1129 1586 16

174 1617 218 1667 est
238 1609 305 1686 jam
331 1607 476 1686 opulenta
497 1628 549 1667 vos
577 1628 612 1668 ac
641 1608 717 1666 ditia
744 1605 896 1685 stipendia
920 1605 1018 1665 faeere
1046 1613 1077 1665 et

174 1707 287 1766 magna
304 1708 412 1766 operae
430 1687 528 1767 pretia
545 1689 661 1759 mereri,
677 1696 796 1747 tantum
818 1687 935 1746 itineris
956 1707 1009 1764 per
1030 1696 1077 1745 tot

175 1779 292 1828 montes
316 1767 502 1847 fluminaque
527 1778 557 1829 et
582 1779 627 1828 tot
649 1778 782 1828 armatas
807 1777 910 1847 gentes
932 1787 1074 1827 emensos.

175 1847 238 1909 Hic
266 1848 354 1911 vobis
381 1850 545 1909 terminum
575 1850 713 1909 laborum
743 1849 867 1909 fortuna
895 1849 997 1921 dedit;
1025 1849 1075 1909 hic

175 1928 300 2008 dignam
324 1929 490 1989 mercedem
516 1931 648 1990 emeritis
676 1930 834 2008 stipendiis
863 1931 957 1991 dabit.
1000 1930 1074 2002 Nec,
1090 1933 1129 2002 20

175 2029 267 2087 quam
302 2010 405 2088 magni
440 2012 569 2071 nominis
605 2011 719 2070 bellum
748 2019 800 2084 est,
829 2021 892 2072 tam
921 2011 1075 2071 difficilem

175 2089 384 2150 existimaritis
412 2090 570 2152 victoriam
599 2091 679 2162 fore;
711 2111 800 2170 saepe
827 2101 858 2153 et
884 2101 1075 2170 contemptus

175 2168 269 2229 hostis
293 2179 453 2230 cruentum
478 2182 628 2231 certamen
655 2172 760 2244 edidit,
783 2181 812 2233 et
836 2172 945 2252 inclyti
970 2172 1075 2251 populi

175 2270 318 2329 regesque
339 2251 453 2328 perlevi
475 2261 626 2312 momento
640 2254 716 2313 vieti
736 2263 815 2314 sunt.
858 2254 938 2314 Nam
953 2253 1075 2332 dempto

175 2330 233 2390 hoc
254 2351 315 2390 uno
336 2331 453 2410 fulgore
475 2333 603 2392 nominis
625 2333 765 2406 Romani,
784 2334 858 2413 quid
880 2344 932 2408 est,
952 2354 1007 2393 cur
1028 2333 1075 2392 illi
1091 2336 1130 2396 25

175 2409 261 2471 vobis
286 2413 472 2490 conparandi
497 2413 580 2472 sint?
621 2414 666 2475 Ut
688 2414 797 2493 viginti
822 2435 972 2476 annorum
997 2415 1075 2474 mili·

176 2491 250 2551 tiam
279 2503 408 2552 vestram
438 2513 506 2552 cum
536 2493 591 2553 illa
619 2497 742 2567 virtute,
771 2517 840 2556 cunr
868 2495 924 2556 illa
952 2496 1076 2556 fortuna

176 2579 303 2642 taceam,
325 2571 364 2630 ab
386 2572 529 2632 Herculis
551 2574 707 2643 columnis,
723 2577 762 2637 ab
784 2577 906 2637 Oceano
927 2576 1077 2636 terminis-

177 2671 234 2730 que
248 2651 364 2711 ultimis
381 2661 529 2712 terrarum
554 2677 606 2734 per
627 2665 673 2716 tot
693 2657 890 2718 ferocissimos
906 2657 1076 2735 Hispaniae

177 2740 205 2824 et
220 2731 342 2792 Galliac
357 2733 484 2811 populos
499 2735 653 2796 vincentes
670 2737 729 2796 huc
744 2737 940 2815 pervenistis;
960 2759 1076 2817 pugna·
1090 2740 1129 2801 30

177 2810 246 2871 bnis
261 2833 330 2870 cum
342 2815 477 2873 exercitu
490 2816 595 2887 tirone,
606 2817 664 2876 hac
674 2817 740 2896 ipsa
755 2827 867 2878 aestate
880 2839 973 2890 caeso,
983 2821 1074 2890 victo,

177 2892 369 2952 circumsesso
394 2914 412 2954 a
438 2893 546 2964 Gallis,
571 2897 674 2974 ignoto
702 2898 803 2957 adhuc
825 2899 895 2958 duci
917 2919 971 2958 suo
992 2901 1075 2977 igno·

177 2974 315 3051 rantique
331 2973 447 3034 ducem.
491 2976 541 3035 An
564 2997 611 3034 me
633 2978 665 3035 in
686 2979 837 3055 praetorio
855 2980 959 3057 patris,
974 2979 1075 3039 claris-

176 3053 244 3112 simi
259 3055 458 3132 imperatoria
474 3077 565 3133 propo
581 3067 696 3128 natum,
712 3069 791 3118 certe
813 3060 965 3130 eductum,
981 3059 1075 3118 domi-

176 3141 269 3192 torem
295 3135 463 3213 Hispaniae
485 3135 681 3215 Galliaeque·
696 3140 840 3199 victorem
863 3139 991 3198 eundem
1014 3160 1072 3198 non
1090 3141 1128 3201 35

178 3211 360 3291 Alpinarum
386 3217 472 3274 modo
494 3218 639 3293 gentium,
654 3218 705 3276 sed
721 3219 863 3297 ipsarum,
878 3219 959 3297 quod
978 3219 1074 3278 multo

176 3296 272 3373 majus
287 3308 339 3366 est,
355 3295 491 3373 Alpium,
504 3317 572 3356 cum
587 3301 741 3376 semenstri
757 3300 814 3359 hoc
825 3301 978 3360 conferam
989 3300 1074 3369 duce,
1084 3297 1102 3354 ΐ.
1113 3310 1127 3328 ·“
1137 3308 1141 3318 “
1153 3311 1157 3321 ’
1168 3309 1171 3318 “
1183 3276 1202 3372 ,1
1264 3311 1271 3342 ¹

175 3373 325 3435 desertore
340 3376 490 3434 exereitus
508 3378 575 3436 sui?
617 3373 679 3438 Cui
695 3379 720 3436 si
742 3380 808 3455 quis
829 3378 960 3456 demptis
980 3379 1074 3454 signis
1179 3378 1183 3388 ’

176 3453 291 3516 Poenos
327 3455 539 3536 Romanosque
567 3457 658 3517 hodie
685 3457 834 3529 ostendat,
862 3459 1074 3536 ignoraturum
