2520 3784
465 233 599 282 arnan
625 235 650 300 1,
677 219 729 283 35.
1056 223 1102 288 ta

138 393 228 472 ginti,
256 391 385 452 cuilibet
408 391 596 471 superiorum
622 412 728 472 regum
752 391 826 453 belli
849 394 916 473 pae'
954 415 992 456 ue
1014 405 1046 458 et

138 473 257 532 artibus
285 482 316 532 et
344 471 443 550 gloria
470 491 535 551 par.
590 471 664 534 Jam
691 473 747 532 filii
775 494 869 554 prope
900 495 941 554 pu
964 497 1044 536 erem

138 563 271 612 aetatem
299 561 397 612 erant
447 552 494 612 Eo
523 553 619 631 magis
647 553 831 632 Tarquinius
860 555 981 626 instare,
1010 563 1045 617 ut

137 653 231 712 quam
252 633 388 712 primum
410 632 533 692 comitia
554 633 617 712 regi
639 633 769 694 creando
790 635 912 708 fierent;
934 635 1044 714 quibus

138 713 271 786 indietis
288 712 344 773 sub
366 721 485 791 tempus
506 733 615 791 pueros
629 725 775 774 venatum
795 713 959 794 ablegavit.
1002 715 1044 777 Is·
1079 715 1098 775 5

136 815 197 873 que
211 794 329 873 primus
342 803 373 853 et
387 793 496 872 petisse
515 793 674 853 ambitiose
689 814 816 872 reguum
831 803 862 854 et
876 795 1043 858 orationem

138 875 253 934 dicitur
273 873 416 936 habuisse
436 873 477 934 ad
499 872 706 934 conciliandos
724 873 822 953 plebis
840 875 958 936 animos
975 897 1044 937 eou-

138 955 279 1034 positam.
316 954 400 1016 Cnm
414 974 445 1014 se
459 973 520 1014 non
535 973 599 1013 rem
613 973 725 1014 novam
740 964 851 1033 petere,
865 955 978 1036 quippe
991 957 1044 1036 qui

138 1056 200 1096 non
215 1037 339 1114 primus,
350 1034 432 1114 quod
446 1034 597 1114 quispiam
612 1033 768 1114 indignari
782 1034 925 1096 mirarive
935 1047 1043 1114 posset,

137 1116 190 1176 sed
215 1117 322 1176 tertius
349 1116 464 1176 Romae
486 1115 664 1194 peregrinus
690 1135 815 1194 regnum
843 1115 992 1189 adfectet;
1013 1127 1044 1178 et
1059 1114 1098 1175 10

138 1196 263 1256 Tatium
278 1217 339 1256 non
354 1217 393 1256 ex
408 1196 568 1275 peregrino
586 1195 696 1270 solum,
711 1195 764 1256 sed
785 1196 876 1256 etiam
898 1217 937 1256 ex
958 1198 1043 1260 hoste

138 1295 239 1356 regem
253 1277 379 1349 factum,
395 1287 426 1337 et
439 1275 575 1336 Numam
589 1276 733 1355 ignarum
749 1276 841 1350 urbis,
857 1297 917 1338 non
938 1289 1041 1357 peten-

137 1366 210 1430 tem,
224 1358 258 1416 in
271 1378 399 1436 regnum
419 1357 499 1416 ultro
520 1357 672 1429 accitum
693 1378 733 1430 se,
748 1377 788 1417 ex
803 1379 863 1436 quo
876 1359 923 1418 sui
938 1369 1043 1438 potens

137 1437 240 1510 fuerit,
254 1438 384 1498 Romam
396 1457 466 1498 eum
477 1437 606 1516 conjuge
620 1457 656 1496 ae
670 1437 800 1498 fortunis
815 1437 955 1498 omnibus
966 1459 1043 1500 eom·

137 1518 467 1597 migrasse;·majorem
481 1525 599 1595 partem
615 1517 724 1578 aetatis
739 1518 811 1597 ejus,
826 1538 888 1597 qua
901 1519 1043 1580 civilibus
1058 1516 1097 1576 16

137 1598 245 1659 officiis
266 1598 434 1677 fungantur
448 1596 595 1669 homines,
612 1597 729 1658 Romae
742 1618 774 1658 se
788 1617 880 1678 quam
895 1599 928 1658 in
942 1607 1043 1661 vetere

137 1679 240 1758 patria
251 1679 383 1751 vixisse;
398 1677 481 1738 domi
495 1676 685 1756 militiaeque
699 1677 755 1738 sub
770 1679 847 1739 haut
859 1679 1044 1760 paenitendo

138 1760 294 1838 magistro,
309 1759 374 1837 ipso
388 1758 477 1818 Anco
491 1776 569 1836 rege,
586 1756 727 1818 Romana
743 1778 774 1818 se
791 1760 872 1839 jura,
890 1760 1043 1822 Romanos

138 1840 216 1899 ritus
227 1839 384 1910 didicisso;
396 1837 542 1918 ¹obsequio
556 1845 587 1898 et
603 1837 798 1900 observantia
812 1839 845 1898 in
860 1860 961 1934 regem
973 1861 1042 1901 oum

137 1919 289 1992 omnibus,
311 1919 498 1998 benignitate
518 1939 591 1997 erga
612 1917 688 1978 alius
710 1938 779 1978 eum
804 1940 874 1998 rege
896 1941 960 2000 ipso
981 1942 1043 1981 oer-
1058 1916 1098 1977 20

138 1999 368 2072 tasse;-haeo
390 2019 460 2059 eum
483 1999 560 2059 haut
583 1998 661 2058 falsa
683 2009 900 2060 memorantem
925 2001 1041 2080 ingenti

138 2100 286 2141 consensu
300 2079 432 2160 populns
446 2079 604 2139 Romanus
619 2098 746 2157 regnare
756 2080 855 2159 jussit

178 2161 264 2242 Ergo
278 2161 380 2222 virum
401 2169 501 2220 cetera
521 2159 678 2238 egregium
697 2169 810 2232 secuta,
826 2180 919 2239 qnam
940 2161 972 2220 in
993 2182 1042 2242 pe-

138 2241 231 2302 tendo
253 2241 410 2314 habuerat,
431 2240 525 2300 etiam
549 2247 728 2318 regnantem
753 2239 880 2300 ambitio
903 2251 964 2313 est;
986 2262 1042 2304 nee

138 2323 240 2382 minus
255 2322 341 2402 regni
354 2323 401 2381 sui
416 2320 558 2381 firmandi
570 2339 663 2398 quam
677 2319 836 2398 augendae
847 2321 890 2382 rei
901 2321 1042 2401 publicae
1056 2315 1096 2377 25

139 2422 263 2476 memor,
279 2411 401 2463 eentum
422 2401 455 2462 in
475 2409 576 2480 patres
597 2398 682 2478 legit,
698 2400 752 2479 qui
767 2400 876 2462 deinde
890 2403 1041 2464 minorum

138 2484 276 2562 gentium
290 2492 362 2544 suut
376 2480 535 2561 appellati,
546 2480 640 2541 faetio
654 2480 732 2540 haut
745 2481 841 2543 dubia
855 2483 942 2563 regis,
954 2485 1040 2564 eujus

141 2563 285 2624 beneficio
299 2563 331 2622 in
346 2563 463 2623 curiam
477 2571 633 2622 venerant.

179 2642 303 2702 Bellum
317 2644 450 2722 primum
465 2662 535 2702 oum
550 2641 671 2701 Latinis
682 2641 782 2722 gessit,
793 2651 824 2703 et
837 2643 983 2722 oppidum
998 2643 1042 2705 ibi

138 2721 268 2802 Apiolas
279 2724 310 2784 vi
321 2723 416 2802 oepit;
431 2723 605 2801 praedaque
613 2722 684 2782 inde
694 2723 815 2802 majore,
825 2743 916 2802 quam
926 2735 1042 2803 quanta
1056 2715 1096 2776 30

138 2801 213 2863 beili
234 2803 317 2863 fama
337 2804 447 2875 fuerat,
462 2814 593 2884 revecta,
608 2802 695 2862 ludos
717 2802 892 2881 opulentius
912 2803 1041 2866 instruc·

137 2884 258 2962 tiusque
269 2903 361 2962 qnam
374 2883 487 2962 priores
498 2902 581 2961 reges
592 2882 671 2941 feeit.
707 2881 937 2963 Tuno'primum
949 2885 1038 2960 eireo,

137 2964 191 3044 qni
200 2985 283 3024 nune
294 2963 446 3023 maximus
461 2963 582 3033 dieitur,
593 2962 769 3040 designatus
779 2962 864 3024 loeus
874 2974 926 3026 est.
955 2964 1039 3028 Loca

135 3045 236 3105 divisa
246 3043 387 3124 patribus
398 3041 618 3121 equitibusque,
632 3041 686 3100 ubi
699 3045 875 3121 spectacula
888 3045 947 3107 sibi
958 3047 1037 3125 qnis-

136 3144 195 3204 qne
208 3125 362 3195 facerent3
383 3124 441 3183 fori
455 3121 613 3201 appellati.
654 3119 837 3200 Spectavere
854 3125 948 3188 furcis
968 3127 1041 3187 duo
1056 3128 1095 3188 35

135 3205 229 3265 denos
250 3205 291 3264 ab
311 3213 394 3264 terra
417 3201 591 3282 spectacula
611 3200 677 3262 alta
696 3203 916 3266 sustinentibus
938 3206 1039 3285 pedes.

135 3284 315 3346 Iindierum‘
328 3283 388 3343 fuit
408 3283 477 3361 equi
499 3281 684 3361 pugilesque,
699 3302 738 3342 err
759 3283 886 3344 Etruria
906 3286 1040 3344 maxime

133 3367 236 3426 acciti.
279 3364 446 3425 Sollemnes
470 3361 580 3422 deinde
604 3361 700 3420 annui
724 3381 862 3421 mansere
883 3364 959 3434 ludi,
979 3363 1038 3421 Ro

134 3444 401 3523 mani-magnique
413 3443 501 3503 varie
518 3440 677 3520 appellati.
719 3439 771 3500 Ab
792 3440 898 3500 eodem
918 3459 988 3516 rege
1009 3447 1039 3498 et
