2520 3784
156 201 202 280 88
323 227 414 276 uror
440 212 540 276 trv'r
563 226 619 275 aa
644 227 761 277 vane
791 229 986 278 conum

209 405 279 447 eum
301 383 405 446 lucum
428 384 569 459 sacravit,
593 385 674 466 quod
696 405 801 448 earum
823 384 868 447 ibi
890 387 1022 450 concilia
1041 409 1115 452 cum

210 467 337 546 conjuge
355 485 413 526 sua
432 465 545 544 Egeria
565 475 671 527 essent.
713 465 757 527 Et
777 466 834 528 soli
855 467 945 528 Fidei
966 469 1116 532 sollemne

210 547 351 608 instituit.
400 546 453 606 Ad
480 546 513 605 id
540 547 707 608 sacrarium
734 547 872 624 flamines
906 548 984 628 bigis
1019 572 1114 612 curru

210 636 335 688 arcuato
350 626 420 688 vehi
431 627 531 706 jussit,
546 647 700 707 manuque
720 628 760 688 ad
781 628 893 707 digitos
913 649 1008 709 usque
1027 632 1113 692 invo-

175 708 360 770 5lute·rem
381 707 519 768 divinam
540 708 649 782 facere,
666 709 881 788 significantes,
898 709 989 770 fidem
1010 721 1113 772 tutan-

208 789 294 862 danis
305 788 465 866 sedemque
485 789 549 867 ejus
570 789 663 850 etiam
683 790 717 850 in
737 789 855 851 dextris
873 802 1024 851 sacratam
1039 814 1111 854 esse.

208 869 311 930 Multa
334 868 398 928 alia
419 869 569 930 sacrificia
590 869 719 950 locaque
741 870 834 931 sacris
855 870 1010 943 faciendis,
1032 893 1112 951 qnae

207 949 326 1030 Argeos
340 948 801 1028 pontificesvocant,·dedicavit.
844 950 992 1011 Omnium
1007 963 1111 1013 tamen

156 1103 160 1112 1
207 1031 379 1092 maximum
399 1030 463 1110 ejus
488 1051 613 1109 operum
637 1031 698 1092 fuit
720 1031 816 1091 tutela
837 1051 892 1110 per
912 1051 1002 1092 omne
1023 1035 1111 1113 regni

153 1109 195 1174 10
207 1119 327 1190 tempus
342 1109 426 1170 haud
440 1111 540 1171 minor
554 1111 638 1190 pacis
652 1130 745 1190 quam
759 1114 854 1190 regni.

247 1191 298 1252 Ita
312 1191 372 1251 duo
385 1191 527 1270 deinceps
542 1211 635 1270 reges,
649 1191 729 1254 alius
741 1191 805 1251 alia
819 1192 880 1265 via,
894 1191 947 1252 ille
962 1191 1042 1254 bello
1058 1194 1110 1256 hic

206 1292 291 1353 pace,
312 1272 469 1334 civitatem
489 1281 659 1343 auxerunt;
682 1271 834 1332 Romulus
861 1282 976 1352 septem
1001 1282 1032 1333 et
1055 1274 1108 1334 tri·

227 1354 294 1414 int'a'
319 1353 459 1432 regnavit
486 1372 591 1424 annos,
616 1351 721 1412 Numa
749 1362 810 1414 tres
838 1361 868 1414 et
892 1353 1108 1433 quadraginta.

205 1375 284 1495 {um
297 1433 403 1495 valida
423 1441 490 1494 tum
510 1441 680 1512 temperata
697 1441 727 1494 ct
744 1431 819 1494 belli
836 1443 867 1494 et
884 1435 969 1514 pacis
989 1433 1109 1496 artibus

151 1507 191 1574 15
205 1523 272 1575 erat
291 1514 406 1576 civitas.

205 1633 207 1640 =
245 1594 358 1656 XXII.
401 1595 522 1655 Numae
541 1603 639 1656 morte
659 1594 699 1656 ad
721 1594 929 1675 interregnum
944 1616 991 1656 res
1005 1575 1107 1660 rediit.
1164 1602 1179 1613 “

204 1674 282 1735 inde
301 1674 428 1735 Tullum
450 1675 631 1750 Hostilium,
652 1684 794 1754 nepotem
815 1675 941 1749 Hostili,
963 1677 1050 1756 cnjus
1073 1678 1106 1737 in

203 1755 310 1816 infima
336 1776 404 1816 aroc
432 1756 516 1816 clara
536 1776 641 1835 pugna
669 1757 814 1818 adversus
844 1755 973 1818 Sabinos
994 1758 1106 1832 fuerat,

203 1855 304 1916 regem
315 1836 445 1916 populus
455 1837 563 1917 jussit;
578 1845 678 1916 patres
692 1847 830 1898 auctores
844 1837 928 1898 facti.
970 1837 1033 1898 Hic
1044 1859 1107 1899 non

146 1915 189 1978 20
202 1918 301 1977 solum
329 1917 470 1997 proximo
497 1917 562 1996 regi
589 1915 756 1991 dissimilis,
776 1917 830 1977 sed
857 1917 987 1978 ferocior
1011 1919 1108 1978 etiam

202 2017 295 2077 quam
311 1997 461 2058 Romulus
475 1997 543 2058 fuit.
586 1996 666 2057 Cum
686 2007 770 2058 aetas
784 1998 925 2076 viresque
938 2007 1005 2057 tum
1020 1999 1106 2060 avita

202 2078 432 2158 quoque-gloria
446 2078 583 2137 animum
598 2077 786 2138 stimulabat.
829 2077 988 2138 Senescere
1010 2078 1105 2156 igitur

202 2159 358 2298 civimtgm
370 2159 432 2219 otio
441 2169 525 2218 ratus
539 2158 676 2238 undique
687 2158 846 2219 materiam
858 2158 1015 2218 excitandi
1031 2158 1105 2219 belli

221 2257 310 2299 uaere
333 2248 372 2300 at.

146 2259 221 2382 ssliq
241 2319 334 2380 Forte
348 2319 457 2394 evenit,
472 2328 507 2380 ut
520 2329 652 2400 agrestes
666 2319 800 2381 Romani
819 2339 859 2381 ex
873 2317 998 2381 Albano
1019 2341 1038 2380 a
1060 2341 1104 2396 ro,

200 2399 318 2461 Albani
340 2421 379 2461 ex
400 2400 540 2461 Romano
584 2401 690 2461 raedas
712 2401 844 2462 invicem
865 2409 999 2478 agerent
1038 2342 1103 2460 lm-

199 2480 427 2560 pcritabattum
439 2480 535 2542 Gaius
576 2481 680 2541 luilius
691 2480 801 2541 Albae
830 2479 995 2559 Utrimque
1008 2481 1103 2560 legati

199 2562 262 2622 lere
272 2561 329 2622 sub
339 2563 419 2622 idern
432 2571 550 2640 tempus
561 2561 600 2620 ad
612 2581 658 2621 res
672 2560 952 2640 repetendasmissi.
994 2560 1103 2624 Tullus

173 2713 174 2716 Ἴ
199 2651 395 2721 praeceperat
408 2642 479 2714 suis,
493 2661 532 2702 ne
553 2641 628 2720 quid
648 2641 734 2720 prius
751 2660 843 2720 quarn
865 2640 1011 2702 mandate
1030 2662 1101 2722 age·

142 2713 185 2784 30
199 2733 285 2795 rent;
312 2723 386 2784 satis
413 2721 537 2794 sciebat,
566 2733 749 2800 negaturum
777 2719 953 2781 Albanum:
979 2722 1024 2782 ita
1051 2723 1102 2801 pie

198 2802 313 2864 bellum
328 2802 424 2863 indici
437 2823 531 2881 posse.
573 2801 625 2861 Ab
636 2801 769 2861 Albanis
783 2801 937 2860 socordius
952 2822 998 2862 res
1012 2812 1101 2878 uota5

198 2885 318 2962 excepti
341 2883 472 2962 hospitio
495 2882 535 2943 ab
557 2880 648 2941 Tullo
671 2881 786 2950 blande
805 2901 842 2941 ac
862 2879 1002 2960 benigne,
1020 2883 1101 2943 comi

197 2963 296 3024 fronte
307 2964 386 3042 regis
401 2963 577 3023 convivium
588 2961 751 3022 celebrant.
793 2960 955 3041 Tantisper
965 2962 1100 3024 Romani

196 3053 227 3104 ct
242 3063 288 3104 res
302 3043 508 3123 repetiverant
521 3044 636 3122 priores
651 3052 681 3102 et
697 3043 822 3122 neganti
837 3042 962 3102 Albano
981 3042 1100 3104 bellum

143 3123 230 3262 351Tn
256 3124 444 3186 tricesimum
471 3123 552 3183 diem
579 3123 764 3184 indixerant.
806 3122 895 3183 Haec
920 3124 1100 3186 renuntiant

224 3204 296 3264 ullo.
848 3249 851 3258 .

235 3283 314 3343 Tum
335 3282 444 3362 legatis
467 3280 576 3343 Tullus
597 3281 719 3343 dicendi
740 3291 933 3362 potestatem,
949 3284 1026 3363 quid
1047 3305 1098 3364 pe-

194 3369 292 3424 tentes
312 3363 462 3436 venerint,
479 3362 560 3423 fecit.
601 3362 656 3422 Illi
678 3363 815 3424 omnium
839 3364 939 3443 ignari
960 3365 1097 3444 primum

193 3444 472 3525 purgando'terunt
485 3451 620 3522 tempusa
641 3443 802 3507 seinvitos
823 3445 1000 3525 quicquam„
1012 3444 1097 3528 qttod
