2520 3784
157 223 199 291 56
323 242 415 288 rrrr
444 240 541 290 nrvr
568 241 623 286 aa
650 242 765 289 vans
795 241 987 288 connisa

211 399 293 460 circa
316 400 415 459 forum
440 397 569 477 privatis
590 397 788 458 ¹aedificanda
813 397 912 460 divisa
939 407 1010 459 sunt
1035 397 1117 473 loca,

209 481 343 559 porticus
365 479 569 557 tabernaeque
590 479 697 539 factae.
1072 495 1074 497 ·

252 559 415 621 XXXVI.
445 558 536 618 Maro
547 579 665 638 quoque
676 559 796 637 lapideo
807 559 996 620 circumdare
1006 559 1119 620 urbem

210 640 350 721 parabat,
379 651 448 699 cum
476 638 623 698 Sabinum
655 638 768 698 bellum
798 641 911 719 coeptis
939 641 1117 703 intervenit.

180 724 199 784 5
214 722 362 798 Adeoque
375 739 411 778 ea
424 719 526 779 subita
540 739 586 779 res
604 719 671 791 fuit,
687 728 722 779 ut
735 721 820 798 prius
835 721 987 781 Anienem
1007 721 1118 782 transi·

214 810 282 861 rent
297 801 395 860 hostes
412 819 504 878 quarn
525 799 647 861 obviarn
668 800 712 860 ire
733 821 769 860 ac
790 799 951 879 prohibere
964 802 1118 861 exercitus

214 882 371 943 Romanus
385 888 496 959 posset·
535 879 649 959 Itaque·
662 881 848 959 trepidatum
871 881 988 942 Romae
1004 891 1063 953 est;
1081 889 1118 940 et

213 963 311 1044 primo
333 961 427 1020 dubia
441 961 579 1033 victoria,
595 982 707 1039 magna
721 962 874 1039 utrimque
891 963 981 1022 caede
1000 981 1118 1042 pugna·

213 1053 280 1105 tum
294 1052 347 1104 est.
389 1041 536 1102 Reductis
557 1041 666 1102 deinde
686 1042 719 1101 in
740 1053 840 1102 castra
860 1043 991 1102 hostium
1011 1043 1117 1120 copiis,

161 1125 201 1188 10
215 1125 347 1204 datoque
366 1125 465 1203 spatio
483 1123 630 1183 Romanis
644 1123 685 1183 ad
699 1124 929 1202 conparandum
944 1125 982 1183 de
996 1125 1118 1202 integro

214 1205 338 1277 bellum,
353 1205 547 1284 Tarquinius,
559 1205 692 1283 equitem
706 1205 840 1264 maxime
853 1205 915 1264 suis
930 1205 1029 1264 deesse
1043 1204 1118 1264 viri-

213 1286 271 1348 bus
291 1296 384 1358 ratus,
399 1285 439 1345 ad
454 1285 592 1359 RamniS,
607 1285 763 1358 Titienses,
785 1285 926 1357 Luceres,
950 1305 1025 1363 quas
1048 1305 1118 1345 cen·

213 1368 310 1429 turias
325 1366 474 1427 Romulus
488 1368 657 1445 scripserat,
668 1366 779 1426 addere
794 1365 869 1424 alias
881 1365 1037 1426 constituit
1050 1385 1120 1426 suo·

215 1469 274 1529 que
288 1448 418 1526 insignes
433 1446 603 1525 relinquere
617 1447 746 1508 nomine.
954 1519 956 1522 ι

97 1588 100 1594 ,
158 1529 201 1589 ’15
255 1528 292 1588 ld
307 1529 379 1607 quia
393 1528 575 1605 inaugurato
590 1527 740 1587 Romulus
760 1525 882 1600 fecerat,
896 1545 1008 1606 negare
1021 1524 1120 1588 Attus

214 1607 342 1681 Navius,
357 1608 480 1667 inclitus
501 1628 537 1667 ea
557 1616 735 1686 tempestate
754 1628 863 1687 augur,
884 1628 982 1686 neque
1003 1607 1119 1668 mutari

214 1709 313 1768 neque
332 1707 444 1749 novum
468 1688 620 1761 constitui,
635 1688 693 1747 nisi
714 1708 787 1748 aves
807 1689 1006 1762 addixissent,
1021 1709 1117 1768 posse.

216 1770 267 1832 Ex
289 1791 323 1830 eo
344 1769 391 1830 ira
411 1769 475 1846 regi
496 1778 595 1840 mota;
617 1767 804 1848 eludensque
824 1779 931 1842 artem,
950 1778 985 1829 nt
1005 1770 1119 1842 ferunt,

216 1856 234 1882 “
244 1871 300 1930 age
313 1849 416 1922 dum,''
432 1849 540 1928 inquit,
556 1848 687 1908 “divine
700 1857 745 1922 tu,
760 1849 919 1930 inaugura,
934 1849 1039 1909 fierine
1052 1869 1119 1928 pos-

162 1929 264 2004 tosa,
288 1931 369 2011 quod
393 1941 479 1989 nunc
497 1949 552 2008 ego
576 1938 677 1989 mente
701 1929 868 2008 concipio.''
910 1929 988 1990 Cum
1010 1929 1064 1989 ille
1085 1929 1120 1989 in

214 2012 344 2091 augurio
371 2030 434 2070 rem
464 2017 606 2088 expertus
641 2009 776 2088 profecto
810 2009 946 2069 futuram
980 2009 1118 2083 dixisset,

216 2092 328 2171 “atqui
355 2091 414 2152 hoc
441 2090 543 2150 animo
571 2089 717 2169 agitavi‚”
742 2089 851 2168 inquit,
881 2095 938 2150 “te
964 2089 1119 2150 novacula

216 2183 313 2233 cotem
332 2171 545 2232 discissarum:
567 2189 642 2248 cape
662 2169 738 2230 haec
759 2178 790 2229 et
811 2190 928 2248 perage,
943 2169 1025 2248 quod
1046 2189 1120 2231 aves

215 2261 287 2314 tuae
300 2251 365 2312 fieri
379 2273 464 2332 posse
476 2250 691 2331 portendunt.''
733 2248 811 2308 Tum
827 2249 916 2308 illum
929 2249 1014 2309 haud
1028 2271 1120 2310 cunc·

160 2329 202 2391 25
216 2341 318 2394 tanter
341 2332 496 2393 discidisse
522 2339 619 2392 cotem
642 2330 754 2390 ferunt.
796 2329 907 2390 Statua
927 2329 997 2389 Atti
1019 2330 1121 2409 capite

214 2415 327 2487 velato,
339 2433 397 2492 quo
412 2413 444 2472 in
459 2413 525 2473 loco
536 2431 583 2471 res
596 2420 666 2471 acta
677 2421 730 2483 est,
741 2411 773 2469 in
788 2410 911 2470 comitio
925 2410 956 2468 in
971 2411 1120 2488 gradibus

216 2495 288 2576 ipsis
310 2495 349 2554 'ad
374 2494 494 2554 laevam
518 2491 620 2552 curiae
643 2491 720 2562 fuit;
749 2499 845 2551 cotem
871 2511 990 2570 quoque
1012 2489 1120 2550 eodem

215 2575 282 2637 loco
296 2575 385 2635 sitam
396 2573 487 2634 fuisse
501 2580 678 2644 memorant,
687 2581 722 2630 ut
737 2581 813 2631 esset
827 2571 866 2632 ad
881 2580 1015 2650 posteros
1027 2571 1121 2630 mira·

216 2656 279 2717 culi
292 2657 355 2735 ejus
369 2662 607 2714 monumentum.
825 2673 829 2676 ·

161 2732 203 2794 30
256 2735 405 2814 Auguriis
416 2743 496 2794 certe
509 2731 735 2810 sacerdotioque
746 2751 897 2811 angurum
908 2740 1012 2792 tantus
1022 2730 1120 2792 honos

216 2817 350 2888 accessit,
364 2821 399 2874 ut
420 2813 498 2872 nihil
517 2812 592 2874 belli
607 2813 756 2890 'domique
770 2821 874 2891 postca
887 2813 946 2871 nisi
960 2811 1120 2891 auspicato

216 2905 379 2975 gereretur,
402 2893 533 2956 concilia
556 2891 672 2972 populi,
694 2892 846 2953 exercitus
868 2893 977 2965 vocati,
999 2912 1122 2952 summa

215 2995 326 3049 rerum,
340 2975 395 3036 ubi
410 2994 481 3034 aves
501 2991 561 3033 non
576 2971 778 3045 admisissent,
793 2972 1016 3033 dirimerentur.
1059 2971 1092 3032 N
1093 2993 1121 3032 e·

215 3075 275 3135 que
288 3065 355 3116 tum
369 3053 554 3134 Tarquinius
575 3053 613 3111 de
632 3052 770 3130 equitum
792 3053 936 3112 centuriis
953 3052 1122 3131 quicquam

157 3131 202 3194 '35
216 3137 367 3208 mutavit;
387 3153 513 3194 nurnero
536 3132 669 3192 alterurn
693 3141 815 3192 tantum
841 3133 961 3212 adjecit,
977 3143 1012 3193 ut
1033 3134 1121 3195 mille

216 3223 246 3275 et
260 3214 427 3294 octingenti
442 3213 557 3292 equites
571 3213 604 3270 in
618 3209 717 3272 tribus
731 3213 877 3272 centuriis
897 3223 1004 3273 essent.
1048 3214 1120 3275 Pos-

215 3295 339 3354 teriores
354 3293 443 3354 modo
456 3292 512 3353 sub
526 3291 623 3352 isdem
638 3292 822 3366 nominibus,
837 3293 890 3371 qui
907 3293 1006 3352 additi
1020 3302 1120 3368 erant,

216 3375 364 3454 appellati
377 3383 464 3444 sunt;
486 3392 563 3452 qnae
576 3391 668 3444 nunc,
682 3373 756 3450 quia
776 3375 949 3451 geminatae
969 3382 1049 3446 sunt,
1061 3393 1120 3434 sex

215 3463 329 3518 vocant
341 3454 500 3517 centurias.
804 3475 807 3480 ’
930 3473 932 3480 ’
1044 3485 1048 3490 -
1083 3487 1087 3495 -
