2568 3782
413 248 544 296 marra
570 248 662 313 xxr,
690 233 822 296 46-48.
1052 235 1116 301 125

159 405 224 466 filio
238 425 347 467 verum
362 425 432 480 esse,
447 406 529 486 quod
543 414 573 468 et
587 406 689 488 plures
703 407 858 469 tradidere
877 416 1015 468 auctores
1034 416 1065 470 et

158 486 244 546 fama
259 486 401 546 obtinuit.

201 565 342 627 XLVII.
384 566 454 627 Hoc
475 563 608 645 prinlum
630 590 699 629 cum
722 567 901 629 Hannibale
913 569 1063 647 proelium

161 648 238 719 fuit;
273 666 334 724 quo
362 647 452 706 facile
480 651 624 726 apparuit
654 651 713 726 [et]
742 650 878 728 equitatu
908 649 1063 709 meliorem

161 727 300 788 Poenum
319 747 390 798 esse,
405 736 435 787 et
456 727 494 788 ob
517 729 549 787 id
570 749 691 808 campos
713 729 853 810 patentis,
867 729 972 807 quales
993 737 1064 789 sunt
1098 733 1170 808 5211
1194 745 1200 766 ²

160 808 241 868 inter
256 807 377 868 Padum
392 807 556 888 Alpesque,
573 809 653 870 bello
667 809 799 890 gerendo
815 807 961 869 Romanis
977 819 1064 890 aptos

161 909 222 948 nou
234 908 305 949 esse.
341 889 451 966 Itaque
462 891 602 968 proxima
613 903 710 962 nocte,
721 892 812 969 jussis
827 891 975 950 militibus
990 911 1064 950 vasa

162 969 284 1028 silentio
299 969 460 1047 conligere,
476 978 575 1030 castra
589 971 628 1030 ab
643 970 750 1030 Ticino
771 980 854 1030 mota
875 972 1064 1031 festinatum·

162 1069 220 1128 que
231 1049 271 1108 ad
282 1049 403 1128 Padurn
419 1060 470 1122 est,
482 1059 515 1109 ut
527 1051 651 1124 ratibus,
662 1051 772 1130 quibus
782 1053 930 1129 junxerat
940 1051 1062 1122 flumen,

161 1129 299 1190 nondum
327 1129 464 1190 resolutis
491 1131 556 1191 sine
583 1133 718 1191 tumultu
747 1140 838 1210 atque
865 1132 1063 1192 insectatione
1078 1135 1117 1196 10

162 1210 256 1270 hostis
272 1209 373 1290 copias
388 1211 539 1271 traiceret,
582 1210 671 1272 Prius
689 1211 879 1272 Placentiam
900 1229 1063 1290 pervenere

162 1311 255 1370 quam
282 1291 355 1352 satis
383 1292 473 1351 sciret
501 1292 662 1352 Hannibal
691 1294 730 1353 ab
760 1292 867 1352 Ticino
895 1292 1062 1370 profectos3

162 1381 264 1432 tamen
294 1372 333 1431 ad
362 1382 518 1434 sexcentos
546 1383 733 1433 moratorum
762 1373 794 1432 in
823 1373 962 1432 citeriore
996 1374 1064 1451 ripa

162 1452 250 1526 Padi,
265 1453 397 1532 segniter
412 1463 508 1515 ratem
522 1454 680 1527 solventes,
696 1455 783 1533 cepit.
825 1453 968 1514 Transire
988 1474 1060 1532 pou·

162 1543 223 1595 tem
239 1555 300 1594 non
316 1535 424 1613 potuit,
441 1545 475 1594 ut
495 1545 633 1596 extrema
655 1535 787 1596 resoluta
808 1545 904 1607 erant,
919 1544 984 1594 tota
999 1544 1064 1594 rate
1079 1539 1117 1600 15

162 1617 194 1674 in
222 1615 386 1675 secundam
415 1635 526 1694 aquam
554 1616 685 1676 labente.
736 1615 857 1676 Coelius
886 1625 993 1675 auctor
1020 1623 1064 1675 est

162 1695 328 1775 Magonem
342 1716 410 1756 oum
426 1697 563 1774 equitatu
579 1707 609 1757 et
624 1697 772 1776 Hispanis
786 1696 939 1774 peditibus
951 1695 1064 1754 flumen

162 1776 316 1854 extemplo
328 1785 506 1850 transnasse,
515 1778 614 1856 ipsum
626 1776 834 1837 Hannibalem
845 1797 898 1854 per
909 1776 1065 1854 superiora

163 1855 241 1915 Padi
256 1857 338 1916 vada
359 1858 528 1917 exercitum
549 1858 728 1928 traduxisse,
744 1857 913 1936 elephantis
934 1857 965 1914 in
986 1857 1064 1916 ordi·

164 1956 231 1996 nem
246 1937 286 1996 ad
300 1937 509 2002 sustinendum
525 1939 671 2017 impetum
683 1938 816 1996 fluminis
827 1937 980 2016 oppositis.
1016 1936 1064 1996 Ea
1079 1939 1118 2000 20

163 2018 267 2100 peritis
292 2017 390 2077 ansuis
415 2020 479 2096 ejus
501 2019 557 2078 vix
581 2019 672 2078 fidem
696 2018 839 2091 fecerint3
870 2037 941 2076 nam
967 2029 1105 2096 neque

163 2098 277 2176 equites
300 2099 393 2157 armis
417 2099 560 2177 equisque
584 2099 677 2160 salvis
702 2109 819 2158 tantam
845 2099 906 2158 vim
930 2097 1064 2157 fluminis
1104 2105 1107 2137 ²

162 2197 318 2256 superasse
332 2179 396 2238 veri
418 2178 517 2239 simile
538 2190 591 2252 est,
608 2189 641 2238 ut
658 2180 723 2257 jam
739 2179 894 2257 Hispanos
908 2179 1005 2237 omnis
1019 2179 1064 2236 in·

163 2257 228 2318 ilati
243 2258 433 2318 travexerint
453 2269 542 2331 utres,
558 2270 588 2318 et
609 2261 775 2319 multorum
796 2261 913 2318 dierum
935 2259 1064 2318 circuitu

163 2336 242 2398 Padi
256 2338 337 2398 vada
352 2339 482 2416 peteuda
497 2340 630 2412 fuerunt,
645 2359 706 2418 qua
725 2341 876 2398 exereitus
897 2339 1000 2416 gravis
1021 2340 1064 2399 iu·
1080 2341 1118 2400 25

162 2418 343 2497 pedimentis
355 2419 473 2478 traduci
485 2429 592 2498 posset.
629 2419 763 2480 Potiores
778 2431 852 2498 aput
867 2439 914 2479 me
928 2430 1085 2498 auctoresg
1099 2432 1164 2498 μῆ,

162 2509 241 2570 sunt,
257 2499 310 2576 qui
326 2499 418 2558 biduo
434 2501 488 2560 vix
504 2501 604 2560 locum
620 2511 685 2560 rate
701 2501 858 2580 jungendo
879 2499 999 2559 flumini
1020 2501 1063 2558 in·
1068 2537 1093 2573 s.
1104 2499 1135 2587 ‘i

162 2589 289 2638 ventum
310 2579 455 2651 tradunt;
476 2601 512 2639 ea
533 2601 604 2640 cum
625 2581 757 2658 Magone
778 2582 892 2659 equites
914 2581 1065 2657 Hispano·

162 2678 231 2718 rum
260 2659 416 2736 expeditos
444 2662 630 2738 praemissos.
673 2661 757 2719 Dum
787 2660 957 2732 Hannibal,
984 2660 1065 2719 circa

162 2737 275 2798 flumen
304 2739 507 2817 legationibus
536 2741 697 2801 Gallorum
726 2741 884 2800 audiendis
919 2750 1062 2813 moratus,
1079 2741 1118 2801 30

163 2819 266 2878 traicit
287 2821 411 2896 gravius
433 2821 570 2899 pediturn
591 2841 709 2899 agmen,
725 2821 847 2880 iuterim
868 2820 961 2898 Mago
983 2821 1064 2900 equi-

162 2907 265 2979 tesque
280 2899 319 2959 ab
334 2901 465 2959 transitu
480 2901 614 2960 fluminis
629 2902 691 2960 diei
708 2903 795 2960 unius
816 2903 924 2960 itinere
938 2900 1064 2960 Placen·

161 2980 236 3039 tiam
261 2980 301 3038 ad
325 2980 424 3040 hostes
448 2982 643 3040 contendunt.
687 2981 848 3040 Hannibal
870 2982 974 3058 paucis
997 2989 1064 3058 post

160 3059 267 3118 diebus
288 3081 342 3118 sex
363 3061 449 3120 milia
470 3081 489 3120 a
510 3061 670 3120 Placentia
691 3073 791 3121 castra
809 3061 1017 3132 communivit,
1033 3073 1064 3121 et

160 3151 280 3218 postero
294 3140 390 3198 die'in
406 3151 568 3219 conspectu
584 3142 716 3201 hostium
737 3144 802 3201 acie
824 3142 946 3201 derecta
967 3151 1062 3218 potes·
1078 3141 1117 3201 35

160 3231 253 3279 tatem
270 3239 391 3298 pugnae
405 3221 484 3280 fecit

200 3299 360 3360 XLVIII.
404 3299 579 3379 Insequenti
600 3310 689 3362 nocte
710 3301 816 3361 caedes
833 3303 865 3360 in
884 3301 988 3360 castris
1004 3299 1064 3359 Ro-

159 3380 266 3452 manis
282 3380 417 3440 tumultu
441 3391 543 3440 tamen
558 3395 649 3460 quam
672 3402 704 3440 re
727 3383 831 3459 major,
846 3381 885 3439 ab
908 3380 1064 3438 auxiliari·

159 3457 216 3520 bus
230 3459 331 3520 Gallis
346 3461 429 3522 facta
443 3471 496 3522 est.
539 3462 591 3522 Ad
615 3461 675 3520 duo
698 3461 785 3520 milia
807 3460 943 3538 pediturn
963 3467 993 3518 et
1009 3458 1064 3517 du·
