2568 3782
168 219 231 286 176
333 235 424 284 r1r1
451 235 547 282 n1v1
574 234 629 280 aa
655 233 770 282 vasa
799 231 992 279 oonnrrn

219 402 285 454 tare
306 392 412 454 territa
429 392 494 471 jam
516 391 603 451 clade
625 390 733 452 civitas
749 410 808 450 non
826 397 952 468 poterat,
967 409 1002 448 eo
1018 388 1125 448 decur-

219 495 286 534 sum
312 494 382 545 esse,
403 481 438 532 ut
463 491 481 532 a
506 471 618 550 populo
643 481 797 530 crearetur
819 470 871 549 qui
895 489 948 546 pro
971 469 1126 528 dictatore

220 564 312 626 esset;
334 573 380 614 res
394 552 466 613 inde
484 561 583 630 gestas
603 551 794 630 gloriamque
814 549 963 626 insignem
985 548 1074 608 ducis
1097 557 1128 606 et

214 633 351 711 augentIs
366 632 490 692 titulum
510 630 652 710 imaginis
672 638 814 708 posteros,
829 637 872 699 ut,
886 627 938 706 qui
953 647 1009 706 pro
1030 628 1127 688 dicta·

183 715 278 774 fitore
302 713 396 785 cesset,
411 712 532 772 dictator
546 711 726 782 crederetur,
738 710 828 769 facile
842 708 1014 769 obtinuisse.

293 787 407 850 XXII.
449 788 602 861 Consules,
614 788 730 849 Atilius
741 787 881 848 Fabiano
893 787 1041 848 Geminus
1055 786 1123 848 Ser·

217 870 310 932 vilius
332 869 510 929 Minuciano
531 869 666 928 exercitu
690 877 823 945 accepte,
839 866 1045 927 hibernaculis
1060 889 1123 927 ma·

217 960 285 1012 ture
304 949 505 1020 communitis,
523 949 671 1024 (medium
686 947 826 1007 autumni
840 947 931 1020 erat)
947 947 1028 1007 Fabi
1050 949 1123 1013 arti-

217 1031 273 1092 bus
288 1051 357 1090 cum
371 1050 492 1089 summa
507 1029 586 1089 inter
599 1049 630 1088 se
647 1028 809 1088 concordia
826 1027 939 1087 bellum
954 1040 1122 1107 gesserunt.

165 1114 203 1175 10
218 1111 453 1172 Frumentatum
475 1111 599 1170 exeunti
623 1107 794 1170 Hannibali
820 1107 947 1169 dlversis
972 1108 1046 1168 locis
1071 1130 1123 1188 op·

165 1263 167 1266 ¹
216 1191 341 1272 portani
362 1190 498 1263 aderant,
520 1199 677 1270 carpentes
703 1210 811 1268 agmen
838 1188 1017 1269 palatosque
1041 1190 1123 1250 exci-

216 1273 350 1352 pientes;
384 1272 416 1332 in
451 1291 555 1331 casum
589 1273 747 1332 universae
784 1269 998 1342 dimicationis
1028 1291 1123 1349 quam

216 1353 356 1413 omnibus
372 1351 487 1412 artibus
503 1351 625 1431 petebat
639 1353 742 1423 hostie,
754 1372 813 1412 non
832 1351 994 1413 veniebant
1003 1373 1011 1424 ;
1027 1372 1124 1430 eoque

216 1434 337 1512 inopiae
359 1443 403 1492 est
428 1433 567 1493 redactus
592 1432 762 1504 Hannibal,
786 1443 829 1504 ut,
851 1431 910 1491 nisi
935 1452 1004 1492 oum
1031 1433 1123 1511 fugae

165 1515 202 1576 15
217 1515 315 1592 specie
349 1513 523 1574 abeundum
557 1513 584 1573 ei
620 1513 734 1583 fuisset,
765 1512 901 1573 Galliam
936 1515 1123 1592 repetiturus

215 1594 317 1667 fuerit,
333 1595 420 1654 nulla
434 1595 541 1654 relicta
555 1615 607 1673 spe
622 1593 725 1654 alendi
741 1595 893 1654 exercitus
915 1594 946 1654 in
969 1594 1011 1654 eis
1034 1595 1119 1667 locis,

216 1675 241 1735 si
262 1675 451 1755 insequentes
472 1675 609 1735 consules
630 1674 742 1735 eisdem
765 1674 882 1736 artibus
904 1673 1019 1736 bellum
1040 1697 1124 1755 gere·

217 1764 292 1816 rent.

257 1836 334 1898 Cum
352 1837 389 1898 ad
406 1837 590 1900 Gereonium
608 1839 673 1918 jam
696 1840 795 1901 hieme
817 1837 992 1916 inpediente
1012 1839 1122 1899 consti-

164 1919 203 1980 20
217 1917 300 1977 tisset
329 1917 453 1993 bellum,
482 1920 679 1998 Neapolitani
712 1921 811 1999 legati,
843 1919 973 1980 Romam
1001 1940 1121 1980 venere.

217 1998 268 2058 Ab
289 1999 326 2059 iis
346 2000 552 2079 quadraginta
574 2011 696 2079 paterae
722 2021 832 2061 aureae
855 2001 958 2079 magni
979 2001 1123 2081 ponderis

217 2079 248 2137 in
264 2081 381 2140 curiam
395 2080 519 2154 inlatae,
534 2091 626 2160 atque
642 2081 686 2142 ita
702 2082 797 2143 verba
819 2081 910 2151 facta,
926 2091 960 2142 ut
974 2081 1122 2153 dicerent,

213 2161 304 2219 ‘scire
331 2181 393 2220 sese
420 2161 527 2239 populi
554 2161 685 2220 Romani
714 2161 865 2220 aerarium
892 2162 972 2223 bello
1008 2167 1124 2230 exhau-

213 2240 283 2313 riri;
308 2249 347 2314 et,
369 2261 438 2300 cum
461 2242 554 2319 juxta
579 2263 633 2320 pro
656 2243 782 2302 urbibus
811 2244 950 2320 agrisque
970 2246 1122 2306 sociorum

164 2316 202 2376 25
216 2336 252 2376 ac
266 2338 321 2396 pro
335 2319 435 2397 capite
449 2328 541 2399 atque
555 2341 625 2380 arce
641 2319 759 2394 Italiae,
776 2320 852 2381 urbe
867 2321 1007 2382 Romana
1028 2331 1121 2401 atque

216 2397 353 2476 imperIo,
381 2409 513 2478 geratur,
543 2421 673 2479 aequum
711 2403 859 2462 censuisse
889 2401 1119 2480 Neapolitanos,

216 2478 296 2556 qnod
319 2481 386 2540 auri
407 2480 465 2540 sibi
486 2501 556 2540 cum
578 2482 617 2540 ad
639 2481 822 2560 templorum
837 2491 981 2542 ornatum
997 2492 1064 2541 tum
1080 2482 1120 2542 ad

216 2559 384 2620 subsidium
410 2562 550 2621 lbrtunae
576 2582 594 2622 a
620 2561 784 2640 majoribus
809 2561 950 2622 relictum
975 2562 1062 2635 foret,
1085 2583 1120 2623 eo

217 2641 326 2720 juvare
342 2641 488 2720 populum
504 2642 687 2702 Romanum.
729 2641 762 2703 si
783 2662 874 2721 quam
896 2663 983 2720 opem
1004 2642 1035 2701 in
1058 2663 1120 2703 sese

163 2719 202 2779 30
217 2720 382 2794 crederent,
406 2721 510 2782 eodem
537 2723 638 2783 studio
663 2723 756 2782 fuisse
779 2722 944 2783 oblaturos.
986 2721 1118 2782 Gratum

215 2800 274 2860 sibi
289 2812 389 2880 patres
405 2803 557 2864 Romanos
572 2801 779 2883 populumque
794 2803 956 2876 facturum,
970 2803 996 2862 si
1015 2822 1119 2863 omnes

217 2901 262 2940 res
284 2882 558 2961 Neapolitanorum
580 2904 649 2943 suas
671 2883 838 2956 duxissent,
854 2883 1021 2962 dignosque
1037 2884 1120 2962 judi·

216 2963 362 3035 caverint,
391 2962 430 3023 ab
462 2963 572 3042 quibus
607 2963 730 3036 donum,
759 2963 862 3024 animo
896 2983 932 3024 ac
959 2964 1120 3025 voluntate

216 3063 318 3102 eorum
332 3043 382 3122 qui
394 3042 521 3103 libentes
535 3043 643 3103 darent
653 3063 745 3122 quam
761 3063 792 3102 re
806 3045 904 3124 majus
918 3043 1120 3122 ampliusque,

163 3121 201 3181 35
216 3123 406 3200 acciperent!
450 3123 572 3201 Legatis
593 3125 710 3201 gratiae
732 3132 818 3183 actae
835 3144 890 3202 pro
909 3125 1120 3184 munificentia

216 3221 365 3278 curaque3
389 3212 501 3279 patera,
513 3222 592 3280 quae
607 3203 748 3280 ponderis
763 3204 882 3262 minimi
897 3204 966 3275 fuit,
983 3214 1118 3282 accepta

255 3279 422 3341 XXXIII.
464 3281 523 3340 Per
550 3281 669 3344 eosdem
697 3281 761 3342 dies
789 3285 962 3360 speculator
991 3283 1119 3348 Cartba-

214 3358 368 3436 giniensIs,
393 3360 445 3437 qui
473 3379 528 3437 per
553 3357 711 3421 biennium
739 3360 899 3436 fefellerat,
925 3361 1043 3436 Romae
1070 3362 1119 3424 de

214 3453 340 3515 prensus
354 3438 555 3517 praecisaque
569 3440 718 3501 manibus
726 3441 877 3517 dimissus,
891 3452 924 3509 et
937 3444 1017 3511 servi
1031 3445 1119 3531 quin·
