2562 3788
387 215 519 276 mann
543 214 656 279 xxm,
685 195 813 260 56-57.
1038 194 1101 258 199

143 374 319 434 Romanam
340 370 595 450 adgrederentur3
616 369 720 448 itaque
734 368 829 430 classe
843 389 918 450 opus
936 389 1007 443 esse,
1021 368 1047 429 si

143 473 245 532 regem
261 453 377 512 socium
392 450 589 530 Siciliamque
605 451 683 510 tueri
697 449 830 511 vellent!

187 532 293 593 LVII.
337 531 463 591 Litteris
484 531 615 591 consulis
636 531 842 609 praetorisque
872 529 955 602 lectis,
990 549 1051 589 octa

145 621 267 674 annunt
309 621 473 692 praeterera
524 611 567 671 M.
596 611 771 681 Claudiurn,
799 610 851 688 qni
886 611 976 671 classi
1009 610 1048 670 ad

146 693 267 755 Ostiam
282 693 375 753 stanti
390 700 548 771 praeesset,
563 689 730 752 Canusium
744 689 784 749 ad
799 691 965 752 exercitum
982 690 1049 750 mit·
1083 689 1104 750 5

146 775 284 846 tendum,
312 772 566 851 scribendumque
594 771 720 844 consuli,
750 779 793 843 ut,
822 791 890 830 cum
919 770 1052 851 praetori

147 855 316 914 exercitum
338 853 520 926 tradidisset,
541 851 639 931 primo
660 871 780 930 quoque
799 858 943 930 tempore,
958 871 1052 931 quan·

148 945 214 994 tum
230 933 489 1012 percommodum
504 935 547 992 rei
562 931 703 1014 publicae
717 931 783 990 fieri
798 941 905 1010 posset,
921 931 1051 992 Romam

148 1015 275 1076 veniret.
314 1013 443 1084 ¹Territi
472 1012 563 1073 etiam
593 1033 683 1091 super
711 1020 812 1072 tantas
846 1011 947 1072 clades
982 1032 1052 1071 cum

149 1095 255 1172 ceteris
275 1093 430 1173 prodigiis,
453 1101 519 1153 tum
541 1092 622 1172 quod
646 1093 725 1152 duae
745 1091 885 1153 Vestales
906 1111 941 1154 eo
962 1112 1051 1165 anno,
1068 1089 1108 1150 10

149 1173 276 1254 Opimia
295 1183 387 1252 atque
408 1173 564 1247 Floronia,
585 1173 683 1252 stupri
709 1182 879 1251 conpertae,
902 1181 933 1233 et
956 1173 1054 1232 altera

149 1255 206 1316 sub
228 1263 318 1328 terra,
339 1255 385 1314 uti
406 1274 470 1314 mos
494 1261 547 1327 est,
568 1253 608 1314 ad
630 1263 751 1333 portam
772 1251 925 1313 Collinam
946 1262 1054 1313 necata

150 1336 259 1406 fuerat,
281 1335 378 1395 altera
396 1334 524 1394 sibimet
546 1334 612 1412 ipsa
637 1343 764 1394 mortem
789 1335 994 1407 consciverat;
1016 1333 1053 1394 L.

132 1433 135 1437 ·
150 1415 303 1492 Cantilius
316 1414 417 1476 scriba
431 1415 613 1492 pontificius,
629 1435 703 1492 quos
717 1434 799 1473 nunc
813 1414 942 1475 minores
956 1413 1055 1493 ponti·

150 1487 221 1557 lices
235 1494 403 1574 adpellant,
418 1495 470 1575 qui
485 1493 555 1555 cum
571 1495 718 1555 Floronia
737 1503 878 1574 stuprum
899 1493 1020 1568 fecerat,
1035 1515 1054 1554 a
1069 1491 1109 1552 15

151 1576 294 1657 pontifice
315 1576 449 1635 maximo
470 1596 504 1636 eo
525 1595 621 1655 usque
640 1575 734 1655 virgis
755 1575 788 1633 in
809 1575 932 1635 comitio
953 1595 1056 1635 caesus
1154 1631 1161 1642 ‚

152 1667 226 1730 erat,
253 1665 288 1716 ut
312 1656 391 1715 iuter
416 1655 543 1717 verbera
571 1656 734 1734 expiraret.
775 1654 846 1714 Hoc
873 1654 957 1714 nefas
985 1675 1055 1715 cum

151 1737 232 1797 inter
253 1744 308 1810 tot,
329 1745 363 1796 ut
384 1736 426 1809 fit,
449 1735 551 1796 clades
576 1736 608 1794 in
633 1735 806 1815 prodigium
827 1755 948 1796 versum
971 1744 1056 1808 esset,

152 1817 319 1878 decemviri
333 1815 427 1876 libros
441 1815 526 1876 adire
536 1815 613 1896 jussi
627 1825 707 1889 sunt,
722 1826 753 1877 et
768 1815 806 1894 Q.
823 1815 939 1876 Fabius
953 1815 1058 1876 Pictor

153 1897 291 1976 Delphos
307 1897 347 1956 ad
362 1897 519 1956 oraculum
543 1897 648 1957 missus
669 1906 715 1957 est
734 1897 931 1970 sciscitatum,
947 1896 1057 1977 quibus
1072 1896 1112 1957 20

154 1977 295 2057 precibus
315 1976 532 2056 suppliciisque
550 1977 621 2037 deos
640 1987 760 2056 possent
778 1977 908 2056 placare,
923 1986 954 2037 ct
967 1996 1058 2056 quae-

153 2079 225 2119 nam
247 2058 352 2118 futura
373 2057 441 2116 finis
462 2058 555 2118 tantis
578 2055 718 2118 cladibus
739 2057 825 2119 foret.
866 2057 995 2117 Interim
1018 2077 1058 2116 ex

153 2137 299 2200 fatalibus
313 2137 401 2196 libris
414 2138 564 2198 sacrificia
576 2137 695 2280 aliquot
705 2136 948 2199 extraordinaria
958 2136 1042 2198 facta
1049 2158 1057 2210 ;

153 2220 234 2278 inter
248 2239 325 2297 quae
336 2216 447 2278 Gallus
461 2228 491 2278 et
505 2217 608 2292 Galla,
651 2239 755 2279 raecus
768 2227 799 2278 et
813 2216 933 2278 Graeca
946 2217 979 2276 in
993 2216 1058 2278 foro

154 2299 281 2361 bovario
296 2298 352 2359 sub
366 2307 478 2359 terram
493 2299 559 2360 vivi
574 2299 696 2360 demissi
716 2307 787 2359 sunt
807 2299 839 2358 in
859 2297 962 2358 locum
983 2319 1058 2359 saxo
1074 2299 1112 2360 25

50 2381 53 2387 ’
154 2388 361 2458 consaeptum,
373 2381 438 2458 jam
459 2389 531 2439 ante
551 2379 657 2442 hostiis
678 2379 830 2454 humanis,
851 2379 977 2440 minime
999 2377 1059 2440 Ro·

154 2482 247 2521 mano
260 2481 355 2532 sacru,
371 2460 522 2520 inbutum.

196 2540 332 2601 Placatis
346 2541 427 2614 satis,
443 2549 478 2601 ut
491 2541 646 2616 rebantur,
661 2540 734 2616 deis,
748 2539 793 2602 M.
807 2539 956 2602 Claudius
977 2540 1059 2600 Mar·

155 2621 251 2682 uellus
272 2620 312 2680 ab
333 2619 420 2681 Ostia
441 2620 526 2681 mille
547 2631 577 2700 et
598 2623 778 2700 quingentos
799 2622 919 2696 milites
934 2641 1008 2701 quos
1028 2620 1060 2681 in

155 2702 283 2762 classem
304 2701 430 2780 scriptos
451 2700 595 2774 habebat,
611 2702 750 2775 Romam,
766 2711 801 2763 ut
817 2702 888 2763 urbi
907 2700 1059 2782 praesidio
1074 2703 1113 2774 30

156 2790 264 2853 essent,
282 2781 396 2853 mittin
417 2781 489 2860 ipse,
512 2781 629 2862 legione
650 2783 775 2844 classica
798 2784 848 2856 (ea
869 2782 948 2860 legio
969 2782 1060 2843 tertia

156 2867 238 2938 erat)
255 2881 325 2921 cum
341 2860 472 2922 tribunis
486 2862 619 2922 militum
635 2863 770 2924 Teanum
791 2862 961 2924 Sidicinum
976 2882 1060 2940 prae·

156 2944 258 3014 missa,
273 2941 367 3000 classe
383 2941 496 3002 tradita
511 2941 545 3002 P.
562 2941 658 3003 Furio
673 2943 930 3023 Philolconlegae,
946 2963 1059 3021 paucos

157 3032 224 3104 post
239 3022 303 3082 dies
318 3020 484 3082 Canusium
499 3023 617 3100 magnis
632 3023 790 3084 itineribus
804 3023 969 3084 contendit.

198 3103 276 3163 Inde
305 3102 437 3163 dictator
464 3123 503 3162 ex
529 3103 710 3164 auctoritate
737 3114 859 3182 patrum
888 3104 988 3164 dictus
1015 3101 1059 3163 M.
1075 3104 1114 3176 35

157 3185 271 3250 Juuius
293 3193 323 3244 et
339 3183 384 3242 Ti.
403 3183 598 3261 Sempronius
618 3183 762 3262 magister
783 3180 928 3263 equitum,
944 3184 1059 3244 dilectu

157 3266 268 3337 edicto,
288 3263 419 3343 junioris
443 3263 482 3322 ab
506 3263 593 3322 annis
620 3263 835 3340 septemdecim
858 3273 889 3324 et
914 3264 1058 3342 quosdam

157 3354 366 3424 praetextatos
389 3343 544 3422 scribunt3
570 3352 715 3422 quattuor
739 3363 779 3402 ex
801 3343 849 3404 his
873 3343 1005 3420 legiones
1030 3351 1060 3403 et

157 3424 245 3485 mille
272 3423 387 3504 equites
413 3422 519 3484 effecti.
561 3421 641 3482 Item
669 3422 709 3502 ad
736 3421 830 3482 socios
854 3421 1061 3500 Latinumque
