2562 3788
476 837 733 907 EXOERPTA

547 1010 561 1098 J
583 1043 634 1096 ax

200 1185 357 1324 uiui
399 1231 561 1324 aivi
605 1232 1021 1331 uisuoums,

157 1577 211 1644 1x,
230 1559 625 1626 17-19.-Auuxuuuu1
641 1577 761 1625 imum
777 1578 822 1624 uu
838 1578 1068 1630 aouauoavu
1088 1553 1092 1558 ’

518 1665 705 1713 commo.

198 1815 310 1878 XVII.
352 1815 459 1876 Ninia
473 1815 573 1876 minus
588 1815 757 1895 quaesitum
773 1836 791 1876 a
806 1816 956 1896 prin'uipio
975 1817 1066 1900 hujus

158 1899 257 1977 operis
278 1896 377 1958 videri
400 1905 507 1976 potest,
529 1917 621 1976 quam
647 1905 682 1956 ut
706 1897 774 1976 plus
795 1899 878 1976 justo
903 1897 943 1958 ab
964 1919 1066 1959 rerum

73 1981 75 1985 '
158 1978 265 2038 ordine
275 1977 470 2049 declinarem,
481 1975 741 2056 varietatibusque
752 1977 965 2056 distinguendo
977 1999 1066 2058 opere

158 2067 189 2118 et
210 2057 381 2138 legentibus
401 2057 487 2119 velut
511 2056 701 2118 deverticula
725 2077 852 2129 amoena
877 2067 907 2118 et
931 2061 1066 2138 requiem

157 2139 261 2198 animo
282 2158 348 2199 meo
369 2156 561 2217 quaererem
589 2145 691 2197 tamen
716 2138 795 2197 tanti
821 2139 899 2216 regis
924 2159 960 2199 au
980 2140 1066 2200 ducis
1100 2141 1120 2201 5

158 2219 283 2292 menti0,
304 2217 414 2298 quibus
435 2237 524 2300 saepe
545 2217 647 2278 tacitis
668 2217 903 2295 cogitationibus
924 2219 1066 2281 volutavi

158 2300 305 2372 animum,
320 2319 369 2358 eas
393 2308 500 2360 evocat
522 2298 554 2356 in
577 2297 720 2370 medium,
742 2306 776 2357 ut
797 2317 941 2375 quaerere
962 2299 1065 2373 libeat,
1105 2355 1106 2360 ,

158 2380 284 2458 quinam
310 2386 435 2439 eventus
459 2378 605 2438 Romanis
626 2377 725 2452 rebus,
745 2377 771 2436 si
796 2398 865 2437 cum
886 2378 1067 2440 Alexandro

157 2461 236 2520 ibret
261 2458 419 2530 bellatum,
439 2459 561 2519 futurus
585 2457 686 2518 fuerit.
729 2457 902 2518 Plurimum
928 2459 959 2518 in
986 2459 1067 2520 bello

157 2540 275 2618 pollere
301 2539 446 2600 videntur
473 2539 608 2598 militum
636 2537 724 2618 copia
753 2547 783 2598 et
807 2538 913 2612 virtue,
942 2540 1066 2619 ingenia
1082 2541 1120 2603 10

157 2619 527 2700 imperatorum,.fortuna‚
543 2638 596 2697 per
610 2619 713 2678 omnia
727 2618 871 2691 humana,
887 2621 1019 2680 maxime
1034 2623 1065 2680 in

157 2721 204 2760 ree
218 2700 345 2760 bellicas
360 2709 481 2778 potens;
498 2717 533 2758 ea
544 2707 573 2758 et
587 2698 709 2776 singula
724 2699 855 2758 intuenti
869 2708 899 2760 et
913 2701 1065 2774 universa,

157 2781 236 2841 sicut
250 2780 290 2840 ab
304 2777 373 2840 aliis
388 2779 509 2857 regibus
523 2778 732 2858 gentibusque,
748 2779 791 2839 itu
812 2778 852 2839 ab
872 2779 929 2840 hoc
946 2800 1066 2861 quoque

157 2860 248 2920 facile
262 2869 419 2941 praestant
432 2860 582 2920 invictum
595 2859 767 2919 Romanum
779 2859 949 2938 imperium.
991 2861 1065 2922 Jam

157 2942 301 3020 primum,
326 2949 360 3000 ut
385 2940 488 3000 ordiar
515 2939 554 2998 ab
583 2938 711 2999 ducibus
740 2940 960 3018 comparandiS,
982 2940 1065 3001 haud
1081 2943 1119 3003 15

157 3021 296 3100 equidem
312 3020 423 3093 abnu0‚
435 3019 588 3099 egregium
604 3018 712 3078 ducem
726 3019 818 3078 fuisse
832 3019 1064 3092 Alexandrum

156 3102 209 3160 sed
225 3101 384 3161 clariorem
400 3110 501 3160 tamen
517 3119 585 3158 eum
601 3099 684 3170 facit,
699 3100 780 3177 quod
802 3119 880 3159 unus
901 3101 969 3172 fuit,
984 3102 1065 3179 quod

156 3181 335 3241 adulescens
362 3181 394 3239 in
423 3181 608 3239 incremento
636 3198 746 3252 rerum,
774 3180 909 3239 nondum
937 3180 1066 3240 alteram

157 3262 313 3321 fortunam
342 3270 494 3338 expertus,
516 3258 650 3318 decessit.
692 3257 739 3320 Ut
763 3258 839 3318 alios
862 3277 947 3339 reges
968 3261 1066 3322 claros
1195 3309 1224 3335 „

156 3341 309 3420 (lucesque
324 3341 472 3411 omittam,
488 3358 600 3416 magna
620 3338 761 3416 exempla
782 3359 906 3398 casuum
921 3341 1065 3401 humano·
1081 3341 1119 3402 20

157 3439 234 3492 rum,
244 3422 370 3500 Cyrum,
380 3439 468 3498 quem
482 3419 616 3477 maxime
626 3416 737 3477 Graeci
748 3417 890 3477 laudibus
902 3419 1065 3493 celebrant,

155 3501 234 3581 quid'
245 3499 305 3562 nisi
320 3499 413 3579 lunga
428 3499 502 3571 vita,
516 3498 596 3557 sieut
609 3497 757 3574 Magnum
772 3495 861 3556 mido
877 3497 1065 3624 Po21317peium
