2520 3784
183 243 223 308 76
349 261 440 306 nm
467 259 644 308 n1v1nn
671 253 786 305 vanu
816 255 1007 303 connrnn

234 419 319 498 regia
332 417 459 491 fecisset,
474 417 567 497 ipsius
581 417 660 494 regis
675 436 734 476 non
750 423 815 474 tam
828 414 928 475 subito
942 435 1056 494 pavore
1070 435 1137 494 per-

234 501 311 561 culit
326 510 430 579 pectus
444 519 534 577 quam
551 499 651 558 anxiis
666 495 798 575 inplevit
812 495 899 556 curis.
942 495 1052 574 Itaque
1066 517 1137 555 cum

165 591 167 596 ’
234 581 281 640 ad
288 580 415 661 publica
429 578 568 658 prodigia
583 577 704 638 Etrusci
719 586 839 637 tantum
854 584 938 637 vates
954 575 1137 656 ,adhiberen-

234 669 293 735 tur,
308 663 365 721 hoo
379 660 464 721 velut
486 659 648 718 domestico
672 658 835 718 exterritus
848 658 916 718 visu
936 657 1074 736 Delphos
1096 657 1136 715 ad

200 743 367 802 5maxime
387 740 528 800 inclitum
550 739 581 798 in
603 739 691 798 terris
712 737 870 798 oraculum
885 737 1004 797 mittere
1019 737 1135 797 statuit.

232 822 339 902 Neque
354 841 495 900 responsa
517 822 645 880 sortium
669 818 725 877 ulli
748 819 803 878 alii
826 818 1013 877 committere
1035 838 1136 890 ausus,

231 903 307 962 duos
330 902 409 962 filios
434 921 487 978 per
512 901 630 980 ignotas
658 919 694 960 ea
718 907 898 978 tempestate
925 907 1031 971 terras,
1053 898 1136 976 igno·

231 983 310 1043 tiora
335 983 440 1056 maria,
466 982 499 1041 in
524 981 686 1044 Graeciam
715 981 805 1040 misit.
848 979 935 1041 Titus
959 988 990 1040 et
1014 978 1135 1038 Arruns

230 1064 367 1143 profecti.

179 1145 217 1206 10
271 1143 377 1205 Comes
402 1144 438 1204 iis
462 1143 647 1205 additusL.
674 1142 787 1204 Junius
810 1142 934 1214 Brutus,
956 1140 1134 1220 Tarquinia,

229 1245 330 1298 sorore
343 1225 430 1304 regis,
445 1233 545 1297 natus,
555 1225 680 1304 juvenis
694 1224 784 1303 longe
803 1223 882 1283 alius
904 1222 1027 1300 ingenii,
1042 1242 1135 1300 quam

230 1307 316 1386 cujus
337 1306 562 1365 simulationem
577 1305 727 1365 induerat.
770 1304 885 1364 Iseum
900 1305 1047 1383 primores
1062 1303 1135 1364 civi-

231 1387 311 1458 tatis,
327 1387 358 1444 in
374 1385 483 1465 quibus
506 1386 633 1446 fratrem
655 1406 753 1458 suum,
768 1384 808 1444 ab
827 1384 980 1444 avunculo
996 1383 1133 1443 interfec-

229 1475 275 1526 tos
302 1467 444 1537 audisset,
473 1487 571 1544 neque
599 1467 631 1526 in
659 1467 762 1526 auimo
790 1485 844 1525 suo
877 1465 1040 1544 quicquam
1069 1465 1135 1543 regi

176 1545 215 1607 15
229 1547 398 1606 timendum
422 1567 519 1626 neque
542 1548 573 1605 iu
596 1547 720 1607 fortuna
745 1543 1019 1624 concupiscendum
1045 1545 1134 1604 relin-

228 1647 319 1707 quere
341 1627 459 1699 statuit,
483 1637 720 1706 contemptuque
743 1636 827 1687 tutus
850 1646 920 1697 esse,
936 1625 988 1685 ubi
1011 1627 1043 1684 in
1062 1627 1134 1705 jure

228 1729 337 1787 parum
352 1708 495 1787 praesidii
510 1717 593 1768 esset.
637 1707 720 1786 Ergo
742 1728 780 1766 ex
802 1706 954 1766 industria
973 1706 1072 1766 factus
1093 1706 1133 1766 ad

183 1806 184 1809 ’
228 1789 429 1849 imitationem
453 1789 610 1861 stultitiae,
635 1808 704 1848 cum
727 1809 758 1848 se
780 1807 895 1867 suaque
918 1787 1049 1866 praedae
1071 1807 1134 1848 esse

228 1870 292 1949 regi
314 1870 433 1940 sineret,
450 1868 540 1928 Bruti
555 1888 675 1948 quoque
689 1869 765 1928 haut
784 1868 893 1928 abnuit
906 1888 1083 1946 cognomen,
1099 1876 1134 1927 ut

176 1947 215 2010 20
229 1952 285 2010 sub
300 1951 364 2030 ejus
378 1949 504 2010 obtentu
520 1949 707 2028 cognominis
721 1948 867 2008 liberator
882 1948 936 2007 ille
950 1947 1058 2027 populi
1074 1948 1134 2008 Ro·

228 2031 312 2089 mani
325 2031 445 2090 animus
456 2029 552 2089 lutens
564 2030 753 2106 opperiretur
765 2038 902 2107 tempora
915 2048 986 2088 sua.v
1020 2027 1052 2088 Is
1067 2037 1133 2088 tum

229 2110 268 2170 ab
283 2109 457 2189 Tarquiniis
471 2111 581 2169 ductus
593 2109 738 2188 Delphos,
748 2109 917 2169 ludibrium
927 2109 1028 2169 verius
1040 2129 1133 2187 quam

229 2211 335 2262 eomes,
351 2209 476 2250 aureum
493 2189 636 2249 baculum
655 2188 808 2248 inclusum
831 2209 940 2250 comeo
961 2199 1071 2250 cavato
1092 2189 1133 2250 ad

229 2271 259 2330 id
284 2269 395 2330 baculo
419 2270 523 2331 tulisse
547 2270 663 2329 donum
682 2269 824 2348 Apollini
848 2271 971 2343 dicitur,
992 2291 1047 2350 per
1069 2291 1132 2331 am·

176 2350 215 2410 25
229 2351 321 2430 bages
335 2351 463 2430 effigiem
479 2350 593 2429 ingenii
607 2350 662 2411 sui.

270 2431 340 2508 Quo
362 2441 521 2511 postquam
543 2440 670 2492 ventum
693 2439 747 2503 est,
763 2431 906 2510 perfectis
928 2431 1024 2511 patris
1047 2452 1133 2492 man-

228 2512 317 2585 datis,
333 2512 444 2591 cupido
458 2511 579 2570 incessit
594 2512 711 2571 animos
729 2512 879 2591 juvenum
892 2513 1077 2588 sciscitandi,
1093 2514 1134 2574 ad

229 2613 319 2672 quem
332 2613 435 2652 eorum
451 2611 576 2670 regnum
593 2591 767 2651 Romanum
779 2602 855 2652 esset
867 2601 1038 2654 venturum.
1081 2595 1133 2654 Ex

228 2673 333 2733 infimo
361 2691 451 2751 specu
480 2691 585 2732 vocem
612 2672 764 2732 redditam
793 2673 912 2732 ferunt:
942 2675 1132 2753 “imperium

176 2752 214 2812 30
228 2774 380 2813 summum
409 2753 526 2813 Romae
554 2752 686 2825 habebit,
716 2753 769 2832 qui
797 2763 932 2814 vestrum
960 2755 1085 2832 primus,
1113 2775 1133 2814 o

230 2834 367 2913 juvenes,
382 2833 519 2893 osculum
539 2833 631 2893 matri
652 2833 785 2894 tulerit.''
827 2833 995 2913 Tarquinii,
1012 2845 1046 2893 ut
1060 2833 1133 2894 Sex·

229 2922 286 2985 tus,
302 2915 354 2992 qui
376 2914 492 2974 Romae
515 2913 639 2973 relictus
661 2914 769 2987 fuerat,
784 2914 908 2993 ignarus
928 2915 1063 2992 responsi
1082 2935 1133 2974 cx-

229 3014 355 3072 persque
376 2994 496 3073 imperii
511 3004 595 3065 esset,
611 3015 673 3053 rem
689 3014 808 3053 summa
822 3015 877 3072 ope
892 2995 986 3054 taceri
1001 2995 1130 3072 jubent3

229 3075 287 3153 ipsi
304 3079 383 3134 inter
402 3095 442 3146 se,
458 3083 525 3134 uter
538 3074 631 3152 prior,
647 3095 717 3134 cum
739 3074 869 3133 Romam
891 3074 1024 3146 redisset,
1040 3077 1132 3135 matri

175 3152 213 3211 35
228 3154 365 3214 osculum
387 3155 482 3225 daret,
499 3154 573 3213 sorti
593 3154 784 3232 permittunt.
826 3154 942 3214 Brutus
963 3154 1132 3215 alio-ratus

227 3245 363 3312 spectare
385 3234 549 3314 Pythicam
573 3254 688 3306 vocem,
712 3234 797 3295 velut
820 3235 845 3293 si
871 3235 1033 3313 prolapsus
1056 3236 1131 3296 ceci-

144 3333 157 3386 q
227 3313 328 3388 disset,
343 3323 456 3375 terram
477 3312 579 3374 osculo
600 3315 737 3393 con-tigit,
755 3314 972 3394 scilic'etquod
994 3335 1030 3374 ea
1052 3337 1131 3376 com-

228 3395 328 3460 munis
356 3403 453 3456 mater
481 3393 617 3454 omnium
645 3395 822 3456 mortalium
849 3404 933 3456 esset
981 3395 1131 3457 Reditum
