<?xml version="1.0" encoding="UTF-8"?>
<!DOCTYPE html PUBLIC "-//W3C//DTD XHTML 1.0 Transitional//EN"
    "http://www.w3.org/TR/xhtml1/DTD/xhtml1-transitional.dtd">
<html xmlns="http://www.w3.org/1999/xhtml" xml:lang="en" lang="en">
 <head>
  <title>
</title>
<meta http-equiv="Content-Type" content="text/html;charset=utf-8" />
  <meta name='ocr-system' content='tesseract 3.04.00' />
  <meta name='ocr-capabilities' content='ocr_page ocr_carea ocr_par ocr_line ocrx_word'/>
</head>
<body>
  <div class='ocr_page' id='page_1' title='image "./historieslivybo01chasgoog_0223.png"; bbox 0 0 2562 3788; ppageno 0'>
   <div class='ocr_carea' id='block_1_1' title="bbox 168 219 989 286">
    <p class='ocr_par' dir='ltr' id='par_1_1' title="bbox 168 219 989 286">
     <span class='ocr_line' id='line_1_1' title="bbox 168 219 989 286; baseline -0.002 0"><span class='ocrx_word' id='word_1_1' title='bbox 168 219 231 286; x_wconf 82' lang='grc'>218</span> <span class='ocrx_word' id='word_1_2' title='bbox 334 239 423 286; x_wconf 80' lang='lat' dir='ltr'>rrrr</span> <span class='ocrx_word' id='word_1_3' title='bbox 450 238 548 286; x_wconf 74' lang='lat' dir='ltr'>1.1v1</span> <span class='ocrx_word' id='word_1_4' title='bbox 573 239 628 285; x_wconf 76' lang='lat' dir='ltr'>aa</span> <span class='ocrx_word' id='word_1_5' title='bbox 655 238 770 286; x_wconf 76' lang='lat' dir='ltr'>vana</span> <span class='ocrx_word' id='word_1_6' title='bbox 797 237 989 286; x_wconf 77' lang='lat' dir='ltr'>coumrn</span> 
     </span>
    </p>
   </div>
   <div class='ocr_carea' id='block_1_2' title="bbox 139 393 1207 3526">
    <p class='ocr_par' dir='ltr' id='par_1_2' title="bbox 219 365 1273 636">
     <span class='ocr_line' id='line_1_2' title="bbox 221 393 1135 475; baseline 0.002 -20"><span class='ocrx_word' id='word_1_7' title='bbox 221 394 255 455; x_wconf 94' lang='lat' dir='ltr'>P.</span> <span class='ocrx_word' id='word_1_8' title='bbox 275 393 445 475; x_wconf 84' lang='lat' dir='ltr'>Scipionem</span> <span class='ocrx_word' id='word_1_9' title='bbox 469 395 595 456; x_wconf 89' lang='lat' dir='ltr'>deorum</span> <span class='ocrx_word' id='word_1_10' title='bbox 617 395 835 474; x_wconf 85' lang='lat' dir='ltr'>hominumque</span> <span class='ocrx_word' id='word_1_11' title='bbox 858 415 1004 455; x_wconf 89' lang='lat' dir='ltr'>consensu</span> <span class='ocrx_word' id='word_1_12' title='bbox 1027 415 1135 474; x_wconf 89' lang='lat' dir='ltr'>perve·</span> 
     </span>
     <span class='ocr_line' id='line_1_3' title="bbox 219 475 1135 554; baseline 0.002 -20"><span class='ocrx_word' id='word_1_13' title='bbox 219 475 307 548; x_wconf 80' lang='lat' dir='ltr'>nisse,</span> <span class='ocrx_word' id='word_1_14' title='bbox 322 485 357 536; x_wconf 94' lang='lat' dir='ltr'>ut</span> <span class='ocrx_word' id='word_1_15' title='bbox 376 475 432 535; x_wconf 93' lang='lat' dir='ltr'>sub</span> <span class='ocrx_word' id='word_1_16' title='bbox 448 476 551 535; x_wconf 92' lang='lat' dir='ltr'>rostris</span> <span class='ocrx_word' id='word_1_17' title='bbox 566 496 650 536; x_wconf 91' lang='lat' dir='ltr'>reum</span> <span class='ocrx_word' id='word_1_18' title='bbox 662 486 742 536; x_wconf 88' lang='lat' dir='ltr'>stare</span> <span class='ocrx_word' id='word_1_19' title='bbox 755 487 786 535; x_wconf 92' lang='lat' dir='ltr'>et</span> <span class='ocrx_word' id='word_1_20' title='bbox 801 475 943 554; x_wconf 90' lang='lat' dir='ltr'>praebere</span> <span class='ocrx_word' id='word_1_21' title='bbox 958 496 1046 535; x_wconf 86' lang='lat' dir='ltr'>aures</span> <span class='ocrx_word' id='word_1_22' title='bbox 1061 476 1135 536; x_wconf 89' lang='lat' dir='ltr'>ado·</span> 
     </span>
     <span class='ocr_line' id='line_1_4' title="bbox 220 554 1134 636; baseline 0.002 -22"><span class='ocrx_word' id='word_1_23' title='bbox 220 554 398 615; x_wconf 89' lang='lat' dir='ltr'>lescentium</span> <span class='ocrx_word' id='word_1_24' title='bbox 421 555 565 616; x_wconf 90' lang='lat' dir='ltr'>conviciis</span> <span class='ocrx_word' id='word_1_25' title='bbox 585 555 699 636; x_wconf 92' lang='lat' dir='ltr'>populo</span> <span class='ocrx_word' id='word_1_26' title='bbox 720 556 861 617; x_wconf 90' lang='lat' dir='ltr'>Romano</span> <span class='ocrx_word' id='word_1_27' title='bbox 883 556 979 636; x_wconf 87' lang='lat' dir='ltr'>magis</span> <span class='ocrx_word' id='word_1_28' title='bbox 994 555 1134 616; x_wconf 88' lang='lat' dir='ltr'><strong>deforme</strong></span> 
     </span>
    </p>

    <p class='ocr_par' dir='ltr' id='par_1_3' title="bbox 139 636 447 696">
     <span class='ocr_line' id='line_1_5' title="bbox 139 636 447 696; baseline 0.003 -2"><span class='ocrx_word' id='word_1_29' title='bbox 139 679 140 682; x_wconf 63' lang='lat'>,</span> <span class='ocrx_word' id='word_1_30' title='bbox 241 636 336 695; x_wconf 89' lang='lat' dir='ltr'>nami</span> <span class='ocrx_word' id='word_1_31' title='bbox 360 636 385 696; x_wconf 89' lang='lat' dir='ltr'>si</span> <span class='ocrx_word' id='word_1_32' title='bbox 399 636 447 696; x_wconf 89' lang='lat' dir='ltr'>sit.</span> 
     </span>
    </p>

    <p class='ocr_par' dir='ltr' id='par_1_4' title="bbox 188 657 1133 1176">
     <span class='ocr_line' id='line_1_6' title="bbox 188 657 1133 796; baseline 0 -20"><span class='ocrx_word' id='word_1_33' title='bbox 188 657 241 776; x_wconf 57' lang='grc' dir='ltr'>ὃ(1</span> <span class='ocrx_word' id='word_1_34' title='bbox 262 657 359 776; x_wconf 53' lang='grc' dir='ltr'>ΙιΙΙΙΙ.)</span> <span class='ocrx_word' id='word_1_35' title='bbox 394 715 518 796; x_wconf 82' lang='lat' dir='ltr'>Adjecit</span> <span class='ocrx_word' id='word_1_36' title='bbox 538 715 659 776; x_wconf 89' lang='lat' dir='ltr'>decreto</span> <span class='ocrx_word' id='word_1_37' title='bbox 679 715 929 795; x_wconf 80' lang='lat' dir='ltr'>indignationem.</span> <span class='ocrx_word' id='word_1_38' title='bbox 972 715 1067 776; x_wconf 85' lang='lat' dir='ltr'>“Sub</span> <span class='ocrx_word' id='word_1_39' title='bbox 1083 737 1133 796; x_wconf 88' lang='lat' dir='ltr'>pe·</span> 
     </span>
     <span class='ocr_line' id='line_1_7' title="bbox 221 795 1132 868; baseline 0.003 -13"><span class='ocrx_word' id='word_1_40' title='bbox 221 795 310 856; x_wconf 90' lang='lat' dir='ltr'>dibus</span> <span class='ocrx_word' id='word_1_41' title='bbox 338 797 445 858; x_wconf 87' lang='lat' dir='ltr'>vestris</span> <span class='ocrx_word' id='word_1_42' title='bbox 472 795 573 868; x_wconf 89' lang='lat' dir='ltr'>stabit,</span> <span class='ocrx_word' id='word_1_43' title='bbox 601 795 726 867; x_wconf 89' lang='lat' dir='ltr'>tribuni,</span> <span class='ocrx_word' id='word_1_44' title='bbox 754 797 886 856; x_wconf 87' lang='lat' dir='ltr'>domitor</span> <span class='ocrx_word' id='word_1_45' title='bbox 920 795 974 855; x_wconf 92' lang='lat' dir='ltr'>ille</span> <span class='ocrx_word' id='word_1_46' title='bbox 1001 795 1132 858; x_wconf 88' lang='lat' dir='ltr'>Africae</span> 
     </span>
     <span class='ocr_line' id='line_1_8' title="bbox 220 875 1132 956; baseline -0.001 -19"><span class='ocrx_word' id='word_1_47' title='bbox 220 875 341 956; x_wconf 82' lang='lat' dir='ltr'>Scipio?</span> <span class='ocrx_word' id='word_1_48' title='bbox 381 876 455 937; x_wconf 92' lang='lat' dir='ltr'>Ideo</span> <span class='ocrx_word' id='word_1_49' title='bbox 469 885 613 955; x_wconf 89' lang='lat' dir='ltr'>quattuor</span> <span class='ocrx_word' id='word_1_50' title='bbox 634 875 836 936; x_wconf 89' lang='lat' dir='ltr'>nobilissimos</span> <span class='ocrx_word' id='word_1_51' title='bbox 850 876 941 936; x_wconf 85' lang='lat' dir='ltr'>duces</span> <span class='ocrx_word' id='word_1_52' title='bbox 956 876 1132 937; x_wconf 92' lang='lat' dir='ltr'>Poenorum</span> 
     </span>
     <span class='ocr_line' id='line_1_9' title="bbox 220 956 1131 1036; baseline 0 -20"><span class='ocrx_word' id='word_1_53' title='bbox 220 956 254 1016; x_wconf 92' lang='lat' dir='ltr'>in</span> <span class='ocrx_word' id='word_1_54' title='bbox 283 956 444 1036; x_wconf 81' lang='lat' dir='ltr'>Hispania,</span> <span class='ocrx_word' id='word_1_55' title='bbox 469 965 614 1035; x_wconf 90' lang='lat' dir='ltr'>quattuor</span> <span class='ocrx_word' id='word_1_56' title='bbox 641 957 793 1016; x_wconf 84' lang='lat' dir='ltr'>exercitus</span> <span class='ocrx_word' id='word_1_57' title='bbox 821 956 903 1016; x_wconf 90' lang='lat' dir='ltr'>fudit</span> <span class='ocrx_word' id='word_1_58' title='bbox 929 956 1131 1036; x_wconf 79' lang='lat' dir='ltr'>fugavitque3</span> 
     </span>
     <span class='ocr_line' id='line_1_10' title="bbox 220 1036 1131 1176; baseline 0 -80"><span class='ocrx_word' id='word_1_59' title='bbox 220 1036 288 1098; x_wconf 93' lang='lat' dir='ltr'>ideo</span> <span class='ocrx_word' id='word_1_60' title='bbox 308 1037 481 1117; x_wconf 82' lang='lat' dir='ltr'><strong>Syphacem</strong></span> <span class='ocrx_word' id='word_1_61' title='bbox 502 1037 590 1176; x_wconf 68' lang='lat' dir='ltr'>cepit,</span> <span class='ocrx_word' id='word_1_62' title='bbox 605 1036 816 1096; x_wconf 89' lang='lat' dir='ltr'>Hannibalem</span> <span class='ocrx_word' id='word_1_63' title='bbox 831 1036 953 1110; x_wconf 90' lang='lat' dir='ltr'>devicit,</span> <span class='ocrx_word' id='word_1_64' title='bbox 969 1036 1131 1116; x_wconf 85' lang='lat' dir='ltr'>Carthagi·</span> 
     </span>
    </p>

    <p class='ocr_par' dir='ltr' id='par_1_5' title="bbox 168 1115 1132 1519">
     <span class='ocr_line' id='line_1_11' title="bbox 168 1115 1131 1197; baseline -0.002 -17"><span class='ocrx_word' id='word_1_65' title='bbox 168 1119 207 1180; x_wconf 94' lang='lat'>10</span> <span class='ocrx_word' id='word_1_66' title='bbox 221 1138 289 1177; x_wconf 94' lang='lat' dir='ltr'>nem</span> <span class='ocrx_word' id='word_1_67' title='bbox 305 1117 485 1197; x_wconf 87' lang='lat' dir='ltr'>vectigalem</span> <span class='ocrx_word' id='word_1_68' title='bbox 500 1137 539 1176; x_wconf 92' lang='lat' dir='ltr'>no</span> <span class='ocrx_word' id='word_1_69' title='bbox 562 1117 586 1176; x_wconf 91' lang='lat' dir='ltr'>is</span> <span class='ocrx_word' id='word_1_70' title='bbox 600 1117 679 1188; x_wconf 89' lang='lat' dir='ltr'>fecit,</span> <span class='ocrx_word' id='word_1_71' title='bbox 695 1117 886 1178; x_wconf 81' lang='lat' dir='ltr'>Antiochum</span> <span class='ocrx_word' id='word_1_72' title='bbox 901 1115 1032 1196; x_wconf 88' lang='lat' dir='ltr'>(recepit</span> <span class='ocrx_word' id='word_1_73' title='bbox 1046 1119 1131 1178; x_wconf 92' lang='lat' dir='ltr'>enim</span> 
     </span>
     <span class='ocr_line' id='line_1_12' title="bbox 219 1196 1132 1279; baseline -0.001 -20"><span class='ocrx_word' id='word_1_74' title='bbox 219 1198 346 1259; x_wconf 87' lang='lat' dir='ltr'>fratrem</span> <span class='ocrx_word' id='word_1_75' title='bbox 361 1207 528 1259; x_wconf 75' lang='lat' dir='ltr'>consortem</span> <span class='ocrx_word' id='word_1_76' title='bbox 543 1197 633 1278; x_wconf 88' lang='lat' dir='ltr'>hujus</span> <span class='ocrx_word' id='word_1_77' title='bbox 646 1197 762 1276; x_wconf 86' lang='lat' dir='ltr'>gloriae</span> <span class='ocrx_word' id='word_1_78' title='bbox 777 1196 813 1257; x_wconf 92' lang='lat' dir='ltr'>L.</span> <span class='ocrx_word' id='word_1_79' title='bbox 825 1197 942 1278; x_wconf 84' lang='lat' dir='ltr'>Scipio)</span> <span class='ocrx_word' id='word_1_80' title='bbox 958 1199 1043 1258; x_wconf 88' lang='lat' dir='ltr'>ultra</span> <span class='ocrx_word' id='word_1_81' title='bbox 1051 1199 1132 1279; x_wconf 87' lang='lat' dir='ltr'>juga</span> 
     </span>
     <span class='ocr_line' id='line_1_13' title="bbox 219 1277 1131 1351; baseline 0.002 -13"><span class='ocrx_word' id='word_1_82' title='bbox 219 1277 313 1339; x_wconf 81' lang='lat' dir='ltr'>Tauri</span> <span class='ocrx_word' id='word_1_83' title='bbox 327 1279 449 1351; x_wconf 84' lang='lat' dir='ltr'>emovit,</span> <span class='ocrx_word' id='word_1_84' title='bbox 466 1288 499 1339; x_wconf 93' lang='lat' dir='ltr'>ut</span> <span class='ocrx_word' id='word_1_85' title='bbox 514 1279 631 1340; x_wconf 91' lang='lat' dir='ltr'>duobus</span> <span class='ocrx_word' id='word_1_86' title='bbox 647 1277 777 1338; x_wconf 85' lang='lat' dir='ltr'>Petilliis</span> <span class='ocrx_word' id='word_1_87' title='bbox 791 1278 1026 1339; x_wconf 82' lang='lat' dir='ltr'>subcumberet?</span> <span class='ocrx_word' id='word_1_88' title='bbox 1064 1279 1131 1340; x_wconf 90' lang='lat' dir='ltr'>Vos</span> 
     </span>
     <span class='ocr_line' id='line_1_14' title="bbox 220 1358 1131 1439; baseline 0 -19"><span class='ocrx_word' id='word_1_89' title='bbox 220 1359 258 1421; x_wconf 93' lang='lat' dir='ltr'>de</span> <span class='ocrx_word' id='word_1_90' title='bbox 275 1360 310 1421; x_wconf 91' lang='lat' dir='ltr'>P.</span> <span class='ocrx_word' id='word_1_91' title='bbox 325 1360 473 1421; x_wconf 86' lang='lat' dir='ltr'>Africano</span> <span class='ocrx_word' id='word_1_92' title='bbox 488 1359 622 1439; x_wconf 90' lang='lat' dir='ltr'>palmam</span> <span class='ocrx_word' id='word_1_93' title='bbox 636 1359 699 1438; x_wconf 93' lang='lat' dir='ltr'>peti</span> <span class='ocrx_word' id='word_1_94' title='bbox 714 1359 837 1420; x_wconf 84' lang='lat' dir='ltr'>feretis?</span> <span class='ocrx_word' id='word_1_95' title='bbox 877 1358 1021 1420; x_wconf 87' lang='lat' dir='ltr'>Nullisue</span> <span class='ocrx_word' id='word_1_96' title='bbox 1041 1360 1131 1420; x_wconf 93' lang='lat' dir='ltr'>meri-</span> 
     </span>
     <span class='ocr_line' id='line_1_15' title="bbox 220 1439 1131 1519; baseline 0 -18"><span class='ocrx_word' id='word_1_97' title='bbox 220 1441 258 1502; x_wconf 89' lang='lat' dir='ltr'>tis</span> <span class='ocrx_word' id='word_1_98' title='bbox 282 1443 352 1515; x_wconf 89' lang='lat' dir='ltr'>suis,</span> <span class='ocrx_word' id='word_1_99' title='bbox 373 1443 466 1502; x_wconf 92' lang='lat' dir='ltr'>nullis</span> <span class='ocrx_word' id='word_1_100' title='bbox 488 1441 595 1502; x_wconf 88' lang='lat' dir='ltr'>vestris</span> <span class='ocrx_word' id='word_1_101' title='bbox 620 1440 784 1502; x_wconf 88' lang='lat' dir='ltr'>honoribus</span> <span class='ocrx_word' id='word_1_102' title='bbox 805 1459 951 1519; x_wconf 90' lang='lat' dir='ltr'>umquam</span> <span class='ocrx_word' id='word_1_103' title='bbox 971 1439 1005 1500; x_wconf 91' lang='lat' dir='ltr'>in</span> <span class='ocrx_word' id='word_1_104' title='bbox 1026 1461 1131 1501; x_wconf 91' lang='lat' dir='ltr'>arcem</span> 
     </span>
    </p>

    <p class='ocr_par' dir='ltr' id='par_1_6' title="bbox 167 1520 1131 1927">
     <span class='ocr_line' id='line_1_16' title="bbox 167 1520 1131 1601; baseline -0.001 -18"><span class='ocrx_word' id='word_1_105' title='bbox 167 1523 206 1584; x_wconf 79' lang='lat'>15</span> <span class='ocrx_word' id='word_1_106' title='bbox 220 1531 319 1583; x_wconf 90' lang='lat' dir='ltr'>tutam</span> <span class='ocrx_word' id='word_1_107' title='bbox 340 1533 369 1584; x_wconf 94' lang='lat' dir='ltr'>et</span> <span class='ocrx_word' id='word_1_108' title='bbox 384 1526 469 1585; x_wconf 90' lang='lat' dir='ltr'>velut</span> <span class='ocrx_word' id='word_1_109' title='bbox 489 1532 627 1584; x_wconf 87' lang='lat' dir='ltr'>sanctam</span> <span class='ocrx_word' id='word_1_110' title='bbox 647 1521 724 1582; x_wconf 91' lang='lat' dir='ltr'>clari</span> <span class='ocrx_word' id='word_1_111' title='bbox 737 1521 797 1583; x_wconf 92' lang='lat' dir='ltr'>viri</span> <span class='ocrx_word' id='word_1_112' title='bbox 818 1520 1005 1601; x_wconf 89' lang='lat' dir='ltr'>pervenient,</span> <span class='ocrx_word' id='word_1_113' title='bbox 1025 1521 1091 1594; x_wconf 93' lang='lat' dir='ltr'>ubi,</span> <span class='ocrx_word' id='word_1_114' title='bbox 1105 1521 1131 1582; x_wconf 91' lang='lat' dir='ltr'>si</span> 
     </span>
     <span class='ocr_line' id='line_1_17' title="bbox 218 1603 1129 1678; baseline -0.001 -14"><span class='ocrx_word' id='word_1_115' title='bbox 218 1625 280 1664; x_wconf 89' lang='lat' dir='ltr'>non</span> <span class='ocrx_word' id='word_1_116' title='bbox 307 1605 498 1678; x_wconf 86' lang='lat' dir='ltr'>venerabilis,</span> <span class='ocrx_word' id='word_1_117' title='bbox 527 1604 676 1665; x_wconf 88' lang='lat' dir='ltr'>inviolata</span> <span class='ocrx_word' id='word_1_118' title='bbox 709 1603 818 1665; x_wconf 90' lang='lat' dir='ltr'>saltem</span> <span class='ocrx_word' id='word_1_119' title='bbox 851 1610 990 1663; x_wconf 88' lang='lat' dir='ltr'>senectus</span> <span class='ocrx_word' id='word_1_120' title='bbox 1021 1623 1129 1664; x_wconf 91' lang='lat' dir='ltr'>eorum</span> 
     </span>
     <span class='ocr_line' id='line_1_18' title="bbox 219 1683 1131 1763; baseline -0.002 -17"><span class='ocrx_word' id='word_1_121' title='bbox 219 1686 377 1747; x_wconf 85' lang='lat' dir='ltr'>considat?</span> <span class='ocrx_word' id='word_1_122' title='bbox 387 1687 403 1714; x_wconf 85' lang='lat'>&#39;&#39;</span> <span class='ocrx_word' id='word_1_123' title='bbox 446 1686 545 1747; x_wconf 84' lang='lat' dir='ltr'>Movit</span> <span class='ocrx_word' id='word_1_124' title='bbox 559 1695 589 1746; x_wconf 92' lang='lat' dir='ltr'>et</span> <span class='ocrx_word' id='word_1_125' title='bbox 603 1686 758 1746; x_wconf 89' lang='lat' dir='ltr'>decretum</span> <span class='ocrx_word' id='word_1_126' title='bbox 773 1692 803 1745; x_wconf 92' lang='lat' dir='ltr'>et</span> <span class='ocrx_word' id='word_1_127' title='bbox 815 1683 937 1763; x_wconf 89' lang='lat' dir='ltr'>adjecta</span> <span class='ocrx_word' id='word_1_128' title='bbox 950 1683 1050 1744; x_wconf 89' lang='lat' dir='ltr'>oratio</span> <span class='ocrx_word' id='word_1_129' title='bbox 1066 1703 1131 1744; x_wconf 91' lang='lat' dir='ltr'>non</span> 
     </span>
     <span class='ocr_line' id='line_1_19' title="bbox 219 1763 1130 1843; baseline -0.004 -16"><span class='ocrx_word' id='word_1_130' title='bbox 219 1776 333 1828; x_wconf 90' lang='lat' dir='ltr'>ceteros</span> <span class='ocrx_word' id='word_1_131' title='bbox 347 1769 445 1839; x_wconf 88' lang='lat' dir='ltr'>mod0,</span> <span class='ocrx_word' id='word_1_132' title='bbox 460 1767 510 1828; x_wconf 87' lang='lat' dir='ltr'>sed</span> <span class='ocrx_word' id='word_1_133' title='bbox 526 1768 605 1843; x_wconf 87' lang='lat' dir='ltr'>ipsos</span> <span class='ocrx_word' id='word_1_134' title='bbox 618 1767 711 1827; x_wconf 90' lang='lat' dir='ltr'>etiam</span> <span class='ocrx_word' id='word_1_135' title='bbox 724 1772 923 1836; x_wconf 83' lang='lat' dir='ltr'>accusatores,</span> <span class='ocrx_word' id='word_1_136' title='bbox 935 1771 965 1824; x_wconf 91' lang='lat' dir='ltr'>et</span> <span class='ocrx_word' id='word_1_137' title='bbox 979 1763 1130 1825; x_wconf 89' lang='lat' dir='ltr'>delibera·</span> 
     </span>
     <span class='ocr_line' id='line_1_20' title="bbox 219 1843 1130 1927; baseline -0.001 -20"><span class='ocrx_word' id='word_1_138' title='bbox 219 1856 303 1908; x_wconf 92' lang='lat' dir='ltr'>turos</span> <span class='ocrx_word' id='word_1_139' title='bbox 323 1869 363 1920; x_wconf 88' lang='lat' dir='ltr'>se,</span> <span class='ocrx_word' id='word_1_140' title='bbox 378 1848 452 1927; x_wconf 89' lang='lat' dir='ltr'>quid</span> <span class='ocrx_word' id='word_1_141' title='bbox 467 1849 511 1908; x_wconf 87' lang='lat' dir='ltr'>sui</span> <span class='ocrx_word' id='word_1_142' title='bbox 531 1847 609 1926; x_wconf 90' lang='lat' dir='ltr'>juris</span> <span class='ocrx_word' id='word_1_143' title='bbox 624 1856 654 1908; x_wconf 89' lang='lat' dir='ltr'>et</span> <span class='ocrx_word' id='word_1_144' title='bbox 668 1845 759 1907; x_wconf 88' lang='lat' dir='ltr'>officii</span> <span class='ocrx_word' id='word_1_145' title='bbox 779 1853 865 1918; x_wconf 87' lang='lat' dir='ltr'>esset,</span> <span class='ocrx_word' id='word_1_146' title='bbox 880 1843 1037 1907; x_wconf 85' lang='lat' dir='ltr'>dixerunt.</span> <span class='ocrx_word' id='word_1_147' title='bbox 1078 1844 1130 1906; x_wconf 86' lang='lat' dir='ltr'>Se-</span> 
     </span>
    </p>

    <p class='ocr_par' dir='ltr' id='par_1_7' title="bbox 166 1925 1129 2328">
     <span class='ocr_line' id='line_1_21' title="bbox 166 1925 1129 2007; baseline -0.001 -20"><span class='ocrx_word' id='word_1_148' title='bbox 166 1926 206 1988; x_wconf 82' lang='lat'>20</span> <span class='ocrx_word' id='word_1_149' title='bbox 219 1937 309 1988; x_wconf 89' lang='lat' dir='ltr'>natus</span> <span class='ocrx_word' id='word_1_150' title='bbox 331 1928 449 2001; x_wconf 86' lang='lat' dir='ltr'>deinde,</span> <span class='ocrx_word' id='word_1_151' title='bbox 465 1927 594 1988; x_wconf 90' lang='lat' dir='ltr'>concilio</span> <span class='ocrx_word' id='word_1_152' title='bbox 617 1927 714 2007; x_wconf 90' lang='lat' dir='ltr'>plebis</span> <span class='ocrx_word' id='word_1_153' title='bbox 736 1927 868 2000; x_wconf 85' lang='lat' dir='ltr'>dimisso,</span> <span class='ocrx_word' id='word_1_154' title='bbox 882 1925 989 1986; x_wconf 91' lang='lat' dir='ltr'>haberi</span> <span class='ocrx_word' id='word_1_155' title='bbox 1004 1934 1050 1985; x_wconf 87' lang='lat' dir='ltr'>est</span> <span class='ocrx_word' id='word_1_156' title='bbox 1064 1945 1129 1986; x_wconf 86' lang='lat' dir='ltr'>coe-</span> 
     </span>
     <span class='ocr_line' id='line_1_22' title="bbox 219 2006 1128 2088; baseline -0.002 -20"><span class='ocrx_word' id='word_1_157' title='bbox 219 2018 298 2087; x_wconf 89' lang='lat' dir='ltr'>ptus.</span> <span class='ocrx_word' id='word_1_158' title='bbox 352 2008 402 2069; x_wconf 94' lang='lat' dir='ltr'>Ibi</span> <span class='ocrx_word' id='word_1_159' title='bbox 436 2009 552 2088; x_wconf 86' lang='lat' dir='ltr'>gratiae</span> <span class='ocrx_word' id='word_1_160' title='bbox 586 2008 722 2086; x_wconf 84' lang='lat' dir='ltr'>ingentes</span> <span class='ocrx_word' id='word_1_161' title='bbox 756 2007 795 2067; x_wconf 91' lang='lat' dir='ltr'>ab</span> <span class='ocrx_word' id='word_1_162' title='bbox 833 2006 974 2067; x_wconf 91' lang='lat' dir='ltr'>universo</span> <span class='ocrx_word' id='word_1_163' title='bbox 1010 2006 1128 2080; x_wconf 85' lang='lat' dir='ltr'>ordine,</span> 
     </span>
     <span class='ocr_line' id='line_1_23' title="bbox 218 2085 1128 2168; baseline 0.001 -22"><span class='ocrx_word' id='word_1_164' title='bbox 218 2088 382 2168; x_wconf 87' lang='lat' dir='ltr'>praecipue</span> <span class='ocrx_word' id='word_1_165' title='bbox 402 2109 421 2150; x_wconf 90' lang='lat' dir='ltr'>a</span> <span class='ocrx_word' id='word_1_166' title='bbox 442 2087 650 2149; x_wconf 88' lang='lat' dir='ltr'>consularibus</span> <span class='ocrx_word' id='word_1_167' title='bbox 671 2087 907 2164; x_wconf 87' lang='lat' dir='ltr'>senioribusque,</span> <span class='ocrx_word' id='word_1_168' title='bbox 922 2085 968 2146; x_wconf 91' lang='lat' dir='ltr'>Ti.</span> <span class='ocrx_word' id='word_1_169' title='bbox 984 2085 1128 2148; x_wconf 88' lang='lat' dir='ltr'>Graccho</span> 
     </span>
     <span class='ocr_line' id='line_1_24' title="bbox 219 2166 1127 2248; baseline -0.001 -20"><span class='ocrx_word' id='word_1_170' title='bbox 219 2178 307 2229; x_wconf 90' lang='lat' dir='ltr'>actae</span> <span class='ocrx_word' id='word_1_171' title='bbox 321 2178 400 2242; x_wconf 86' lang='lat' dir='ltr'>sunt,</span> <span class='ocrx_word' id='word_1_172' title='bbox 414 2170 494 2248; x_wconf 91' lang='lat' dir='ltr'>quod</span> <span class='ocrx_word' id='word_1_173' title='bbox 511 2189 573 2229; x_wconf 89' lang='lat' dir='ltr'>rem</span> <span class='ocrx_word' id='word_1_174' title='bbox 591 2167 747 2246; x_wconf 89' lang='lat' dir='ltr'>publicam</span> <span class='ocrx_word' id='word_1_175' title='bbox 770 2167 899 2246; x_wconf 90' lang='lat' dir='ltr'>privatis</span> <span class='ocrx_word' id='word_1_176' title='bbox 918 2166 1127 2227; x_wconf 86' lang='lat' dir='ltr'>simultatibus</span> 
     </span>
     <span class='ocr_line' id='line_1_25' title="bbox 198 2247 1126 2328; baseline 0 -20"><span class='ocrx_word' id='word_1_177' title='bbox 198 2261 200 2266; x_wconf 87' lang='lat'>&#39;</span> <span class='ocrx_word' id='word_1_178' title='bbox 219 2250 364 2328; x_wconf 87' lang='lat' dir='ltr'>potiorem</span> <span class='ocrx_word' id='word_1_179' title='bbox 387 2250 557 2321; x_wconf 79' lang='lat' dir='ltr'>habuisset3</span> <span class='ocrx_word' id='word_1_180' title='bbox 586 2258 617 2308; x_wconf 89' lang='lat' dir='ltr'>et</span> <span class='ocrx_word' id='word_1_181' title='bbox 640 2247 756 2308; x_wconf 89' lang='lat' dir='ltr'>Petillii</span> <span class='ocrx_word' id='word_1_182' title='bbox 777 2247 883 2308; x_wconf 84' lang='lat' dir='ltr'>vexati</span> <span class='ocrx_word' id='word_1_183' title='bbox 905 2256 976 2306; x_wconf 91' lang='lat' dir='ltr'>sunt</span> <span class='ocrx_word' id='word_1_184' title='bbox 998 2247 1126 2326; x_wconf 90' lang='lat' dir='ltr'>probris,</span> 
     </span>
    </p>

    <p class='ocr_par' dir='ltr' id='par_1_8' title="bbox 166 2327 1127 2728">
     <span class='ocr_line' id='line_1_26' title="bbox 166 2327 1126 2408; baseline -0.002 -20"><span class='ocrx_word' id='word_1_185' title='bbox 166 2327 205 2388; x_wconf 83' lang='lat'>25</span> <span class='ocrx_word' id='word_1_186' title='bbox 219 2330 299 2407; x_wconf 92' lang='lat' dir='ltr'>quod</span> <span class='ocrx_word' id='word_1_187' title='bbox 314 2330 472 2408; x_wconf 87' lang='lat' dir='ltr'>splendere</span> <span class='ocrx_word' id='word_1_188' title='bbox 487 2330 587 2389; x_wconf 89' lang='lat' dir='ltr'>aliena</span> <span class='ocrx_word' id='word_1_189' title='bbox 607 2329 727 2390; x_wconf 88' lang='lat' dir='ltr'>invidia</span> <span class='ocrx_word' id='word_1_190' title='bbox 741 2327 909 2389; x_wconf 89' lang='lat' dir='ltr'>voluisseut</span> <span class='ocrx_word' id='word_1_191' title='bbox 922 2336 952 2387; x_wconf 94' lang='lat' dir='ltr'>et</span> <span class='ocrx_word' id='word_1_192' title='bbox 966 2328 1066 2405; x_wconf 91' lang='lat' dir='ltr'>spolia</span> <span class='ocrx_word' id='word_1_193' title='bbox 1086 2348 1126 2387; x_wconf 85' lang='lat' dir='ltr'>ex</span> 
     </span>
     <span class='ocr_line' id='line_1_27' title="bbox 218 2407 1127 2490; baseline -0.002 -21"><span class='ocrx_word' id='word_1_194' title='bbox 218 2409 361 2470; x_wconf 88' lang='lat' dir='ltr'>Africani</span> <span class='ocrx_word' id='word_1_195' title='bbox 390 2410 546 2490; x_wconf 93' lang='lat' dir='ltr'>triumpho</span> <span class='ocrx_word' id='word_1_196' title='bbox 573 2417 719 2488; x_wconf 90' lang='lat' dir='ltr'>peterent.</span> <span class='ocrx_word' id='word_1_197' title='bbox 760 2407 924 2469; x_wconf 79' lang='lat' dir='ltr'>Silentium</span> <span class='ocrx_word' id='word_1_198' title='bbox 952 2407 1062 2467; x_wconf 91' lang='lat' dir='ltr'>deinde</span> <span class='ocrx_word' id='word_1_199' title='bbox 1089 2408 1127 2467; x_wconf 91' lang='lat' dir='ltr'>de</span> 
     </span>
     <span class='ocr_line' id='line_1_28' title="bbox 218 2486 1126 2568; baseline 0 -20"><span class='ocrx_word' id='word_1_200' title='bbox 218 2488 367 2550; x_wconf 88' lang='lat' dir='ltr'>Africano</span> <span class='ocrx_word' id='word_1_201' title='bbox 395 2491 463 2552; x_wconf 81' lang='lat' dir='ltr'>fuit.</span> <span class='ocrx_word' id='word_1_202' title='bbox 513 2490 620 2552; x_wconf 90' lang='lat' dir='ltr'>Vitam</span> <span class='ocrx_word' id='word_1_203' title='bbox 648 2488 769 2549; x_wconf 89' lang='lat' dir='ltr'>Literni</span> <span class='ocrx_word' id='word_1_204' title='bbox 796 2489 859 2568; x_wconf 85' lang='lat' dir='ltr'>egit</span> <span class='ocrx_word' id='word_1_205' title='bbox 886 2486 950 2548; x_wconf 84' lang='lat' dir='ltr'>sine</span> <span class='ocrx_word' id='word_1_206' title='bbox 977 2487 1126 2548; x_wconf 88' lang='lat' dir='ltr'>desiderio</span> 
     </span>
     <span class='ocr_line' id='line_1_29' title="bbox 219 2567 1125 2648; baseline 0 -20"><span class='ocrx_word' id='word_1_207' title='bbox 219 2569 312 2630; x_wconf 92' lang='lat' dir='ltr'>urbis.</span> <span class='ocrx_word' id='word_1_208' title='bbox 354 2571 536 2630; x_wconf 90' lang='lat' dir='ltr'>Morientem</span> <span class='ocrx_word' id='word_1_209' title='bbox 559 2590 630 2629; x_wconf 89' lang='lat' dir='ltr'>rure</span> <span class='ocrx_word' id='word_1_210' title='bbox 652 2589 686 2629; x_wconf 93' lang='lat' dir='ltr'>eo</span> <span class='ocrx_word' id='word_1_211' title='bbox 709 2569 775 2648; x_wconf 91' lang='lat' dir='ltr'>ipso</span> <span class='ocrx_word' id='word_1_212' title='bbox 797 2568 864 2629; x_wconf 89' lang='lat' dir='ltr'>loco</span> <span class='ocrx_word' id='word_1_213' title='bbox 877 2567 1000 2647; x_wconf 88' lang='lat' dir='ltr'>sepeliri</span> <span class='ocrx_word' id='word_1_214' title='bbox 1013 2588 1045 2627; x_wconf 90' lang='lat' dir='ltr'>se</span> <span class='ocrx_word' id='word_1_215' title='bbox 1063 2569 1125 2646; x_wconf 90' lang='lat' dir='ltr'>jus-</span> 
     </span>
     <span class='ocr_line' id='line_1_30' title="bbox 218 2648 1126 2728; baseline -0.001 -19"><span class='ocrx_word' id='word_1_216' title='bbox 218 2650 290 2709; x_wconf 86' lang='lat' dir='ltr'>sisse</span> <span class='ocrx_word' id='word_1_217' title='bbox 304 2651 406 2711; x_wconf 83' lang='lat' dir='ltr'>serunt</span> <span class='ocrx_word' id='word_1_218' title='bbox 427 2661 716 2728; x_wconf 90' lang='lat' dir='ltr'>monumentumque</span> <span class='ocrx_word' id='word_1_219' title='bbox 737 2649 781 2710; x_wconf 94' lang='lat' dir='ltr'>ibi</span> <span class='ocrx_word' id='word_1_220' title='bbox 802 2648 965 2719; x_wconf 88' lang='lat' dir='ltr'>aedificari,</span> <span class='ocrx_word' id='word_1_221' title='bbox 980 2666 1019 2707; x_wconf 89' lang='lat' dir='ltr'>ne</span> <span class='ocrx_word' id='word_1_222' title='bbox 1034 2648 1126 2708; x_wconf 87' lang='lat' dir='ltr'>funus</span> 
     </span>
    </p>

    <p class='ocr_par' dir='ltr' id='par_1_9' title="bbox 164 2726 1207 3130">
     <span class='ocr_line' id='line_1_31' title="bbox 164 2726 1125 2811; baseline -0.004 -21"><span class='ocrx_word' id='word_1_223' title='bbox 164 2727 204 2790; x_wconf 84' lang='lat'>30</span> <span class='ocrx_word' id='word_1_224' title='bbox 218 2729 276 2790; x_wconf 93' lang='lat' dir='ltr'>sibi</span> <span class='ocrx_word' id='word_1_225' title='bbox 291 2731 323 2790; x_wconf 92' lang='lat' dir='ltr'>in</span> <span class='ocrx_word' id='word_1_226' title='bbox 338 2732 458 2811; x_wconf 82' lang='lat' dir='ltr'>ingrata</span> <span class='ocrx_word' id='word_1_227' title='bbox 473 2731 573 2809; x_wconf 90' lang='lat' dir='ltr'>patria</span> <span class='ocrx_word' id='word_1_228' title='bbox 587 2730 679 2790; x_wconf 86' lang='lat' dir='ltr'>fieret.</span> <span class='ocrx_word' id='word_1_229' title='bbox 722 2729 782 2791; x_wconf 92' lang='lat' dir='ltr'>Vir</span> <span class='ocrx_word' id='word_1_230' title='bbox 796 2726 1019 2800; x_wconf 89' lang='lat' dir='ltr'>memorabilis;</span> <span class='ocrx_word' id='word_1_231' title='bbox 1042 2727 1125 2788; x_wconf 92' lang='lat' dir='ltr'>belli·</span> 
     </span>
     <span class='ocr_line' id='line_1_32' title="bbox 219 2808 1126 2890; baseline -0.001 -21"><span class='ocrx_word' id='word_1_232' title='bbox 219 2811 261 2870; x_wconf 90' lang='lat' dir='ltr'>cis</span> <span class='ocrx_word' id='word_1_233' title='bbox 276 2819 377 2871; x_wconf 91' lang='lat' dir='ltr'>tamen</span> <span class='ocrx_word' id='word_1_234' title='bbox 392 2832 483 2890; x_wconf 92' lang='lat' dir='ltr'>quam</span> <span class='ocrx_word' id='word_1_235' title='bbox 497 2811 580 2890; x_wconf 90' lang='lat' dir='ltr'>pacis</span> <span class='ocrx_word' id='word_1_236' title='bbox 601 2810 717 2870; x_wconf 90' lang='lat' dir='ltr'>artibus</span> <span class='ocrx_word' id='word_1_237' title='bbox 738 2808 977 2882; x_wconf 83' lang='lat' dir='ltr'>memorabilior,</span> <span class='ocrx_word' id='word_1_238' title='bbox 1016 2814 1044 2869; x_wconf 80' lang='lat' dir='ltr'>ct</span> <span class='ocrx_word' id='word_1_239' title='bbox 1083 2810 1126 2868; x_wconf 72' lang='lat' dir='ltr'>in</span> 
     </span>
     <span class='ocr_line' id='line_1_33' title="bbox 219 2887 1125 2971; baseline -0.007 -19"><span class='ocrx_word' id='word_1_240' title='bbox 219 2891 336 2953; x_wconf 75' lang='lat' dir='ltr'>luatrrbr</span> <span class='ocrx_word' id='word_1_241' title='bbox 373 2892 471 2971; x_wconf 87' lang='lat' dir='ltr'>prima</span> <span class='ocrx_word' id='word_1_242' title='bbox 493 2912 562 2971; x_wconf 88' lang='lat' dir='ltr'>pars</span> <span class='ocrx_word' id='word_1_243' title='bbox 577 2892 659 2952; x_wconf 90' lang='lat' dir='ltr'>vitae</span> <span class='ocrx_word' id='word_1_244' title='bbox 680 2911 772 2969; x_wconf 88' lang='lat' dir='ltr'>quam</span> <span class='ocrx_word' id='word_1_245' title='bbox 793 2899 947 2969; x_wconf 89' lang='lat' dir='ltr'>postrema</span> <span class='ocrx_word' id='word_1_246' title='bbox 967 2887 1036 2960; x_wconf 89' lang='lat' dir='ltr'>fuit,</span> <span class='ocrx_word' id='word_1_247' title='bbox 1052 2889 1125 2966; x_wconf 84' lang='lat' dir='ltr'>quia</span> 
     </span>
     <span class='ocr_line' id='line_1_34' title="bbox 217 2969 1125 3052; baseline -0.001 -23"><span class='ocrx_word' id='word_1_248' title='bbox 217 2969 250 3030; x_wconf 89' lang='lat' dir='ltr'>in</span> <span class='ocrx_word' id='word_1_249' title='bbox 267 2973 397 3052; x_wconf 85' lang='lat' dir='ltr'>juventa</span> <span class='ocrx_word' id='word_1_250' title='bbox 412 2972 493 3032; x_wconf 88' lang='lat' dir='ltr'>bella</span> <span class='ocrx_word' id='word_1_251' title='bbox 507 2972 633 3032; x_wconf 85' lang='lat' dir='ltr'>adsidue</span> <span class='ocrx_word' id='word_1_252' title='bbox 649 2981 742 3050; x_wconf 82' lang='lat' dir='ltr'>gesta,</span> <span class='ocrx_word' id='word_1_253' title='bbox 754 2990 824 3030; x_wconf 90' lang='lat' dir='ltr'>cum</span> <span class='ocrx_word' id='word_1_254' title='bbox 844 2978 966 3030; x_wconf 89' lang='lat' dir='ltr'>senecta</span> <span class='ocrx_word' id='word_1_255' title='bbox 986 2987 1033 3028; x_wconf 88' lang='lat' dir='ltr'>res</span> <span class='ocrx_word' id='word_1_256' title='bbox 1055 2988 1125 3046; x_wconf 80' lang='lat' dir='ltr'>quo</span> 
     </span>
     <span class='ocr_line' id='line_1_35' title="bbox 217 3047 1207 3130; baseline -0.004 -20"><span class='ocrx_word' id='word_1_257' title='bbox 217 3071 276 3130; x_wconf 93' lang='lat' dir='ltr'>que</span> <span class='ocrx_word' id='word_1_258' title='bbox 287 3053 453 3114; x_wconf 89' lang='lat' dir='ltr'>defloruere</span> <span class='ocrx_word' id='word_1_259' title='bbox 464 3073 519 3112; x_wconf 91' lang='lat' dir='ltr'>nec</span> <span class='ocrx_word' id='word_1_260' title='bbox 530 3051 668 3130; x_wconf 88' lang='lat' dir='ltr'>praebita</span> <span class='ocrx_word' id='word_1_261' title='bbox 680 3060 723 3110; x_wconf 82' lang='lat' dir='ltr'>cst</span> <span class='ocrx_word' id='word_1_262' title='bbox 734 3049 862 3110; x_wconf 90' lang='lat' dir='ltr'>materia</span> <span class='ocrx_word' id='word_1_263' title='bbox 872 3048 1004 3128; x_wconf 88' lang='lat' dir='ltr'>ingenio.</span> <span class='ocrx_word' id='word_1_264' title='bbox 1040 3047 1125 3125; x_wconf 75' lang='lat' dir='ltr'>Quid</span> <span class='ocrx_word' id='word_1_265' title='bbox 1199 3055 1207 3064; x_wconf 88' lang='lat'>&#39;</span> 
     </span>
    </p>

    <p class='ocr_par' dir='ltr' id='par_1_10' title="bbox 164 3129 1125 3526">
     <span class='ocr_line' id='line_1_36' title="bbox 164 3129 1125 3209; baseline -0.001 -21"><span class='ocrx_word' id='word_1_266' title='bbox 164 3129 203 3188; x_wconf 83' lang='lat'>35</span> <span class='ocrx_word' id='word_1_267' title='bbox 218 3133 257 3190; x_wconf 89' lang='lat' dir='ltr'>ad</span> <span class='ocrx_word' id='word_1_268' title='bbox 279 3133 409 3209; x_wconf 88' lang='lat' dir='ltr'>primum</span> <span class='ocrx_word' id='word_1_269' title='bbox 433 3132 625 3191; x_wconf 91' lang='lat' dir='ltr'>consulatum</span> <span class='ocrx_word' id='word_1_270' title='bbox 645 3131 803 3202; x_wconf 81' lang='lat' dir='ltr'>secundus,</span> <span class='ocrx_word' id='word_1_271' title='bbox 818 3130 910 3190; x_wconf 89' lang='lat' dir='ltr'>etiam</span> <span class='ocrx_word' id='word_1_272' title='bbox 925 3129 951 3190; x_wconf 89' lang='lat' dir='ltr'>si</span> <span class='ocrx_word' id='word_1_273' title='bbox 965 3147 1125 3188; x_wconf 87' lang='lat' dir='ltr'>censuram</span> 
     </span>
     <span class='ocr_line' id='line_1_37' title="bbox 217 3207 1125 3288; baseline 0.001 -21"><span class='ocrx_word' id='word_1_274' title='bbox 217 3210 353 3268; x_wconf 81' lang='lat' dir='ltr'>adicias?</span> <span class='ocrx_word' id='word_1_275' title='bbox 375 3211 447 3286; x_wconf 92' lang='lat' dir='ltr'>qnid</span> <span class='ocrx_word' id='word_1_276' title='bbox 463 3211 602 3272; x_wconf 88' lang='lat' dir='ltr'>Asiatica</span> <span class='ocrx_word' id='word_1_277' title='bbox 623 3210 744 3288; x_wconf 78' lang='lat' dir='ltr'>legatio,</span> <span class='ocrx_word' id='word_1_278' title='bbox 760 3219 790 3269; x_wconf 93' lang='lat' dir='ltr'>et</span> <span class='ocrx_word' id='word_1_279' title='bbox 805 3208 981 3270; x_wconf 84' lang='lat' dir='ltr'>valetudine</span> <span class='ocrx_word' id='word_1_280' title='bbox 996 3207 1125 3269; x_wconf 89' lang='lat' dir='ltr'>adversa</span> 
     </span>
     <span class='ocr_line' id='line_1_38' title="bbox 216 3287 1125 3368; baseline 0.004 -24"><span class='ocrx_word' id='word_1_281' title='bbox 216 3287 335 3346; x_wconf 92' lang='lat' dir='ltr'>inutilis</span> <span class='ocrx_word' id='word_1_282' title='bbox 349 3297 379 3346; x_wconf 89' lang='lat' dir='ltr'>et</span> <span class='ocrx_word' id='word_1_283' title='bbox 393 3288 448 3350; x_wconf 88' lang='lat' dir='ltr'>filii</span> <span class='ocrx_word' id='word_1_284' title='bbox 464 3306 535 3347; x_wconf 88' lang='lat' dir='ltr'>casu</span> <span class='ocrx_word' id='word_1_285' title='bbox 556 3290 726 3348; x_wconf 88' lang='lat' dir='ltr'>deformata</span> <span class='ocrx_word' id='word_1_286' title='bbox 740 3298 770 3348; x_wconf 94' lang='lat' dir='ltr'>et</span> <span class='ocrx_word' id='word_1_287' title='bbox 783 3298 852 3368; x_wconf 88' lang='lat' dir='ltr'>post</span> <span class='ocrx_word' id='word_1_288' title='bbox 871 3289 1004 3347; x_wconf 90' lang='lat' dir='ltr'>reditum</span> <span class='ocrx_word' id='word_1_289' title='bbox 1026 3307 1125 3348; x_wconf 86' lang='lat' dir='ltr'>neces·</span> 
     </span>
     <span class='ocr_line' id='line_1_39' title="bbox 216 3365 1124 3446; baseline 0.006 -24"><span class='ocrx_word' id='word_1_290' title='bbox 216 3365 306 3422; x_wconf 89' lang='lat' dir='ltr'>sitate</span> <span class='ocrx_word' id='word_1_291' title='bbox 320 3374 374 3424; x_wconf 87' lang='lat' dir='ltr'>aut</span> <span class='ocrx_word' id='word_1_292' title='bbox 388 3366 537 3425; x_wconf 87' lang='lat' dir='ltr'>subeundi</span> <span class='ocrx_word' id='word_1_293' title='bbox 546 3368 655 3444; x_wconf 89' lang='lat' dir='ltr'>judicii</span> <span class='ocrx_word' id='word_1_294' title='bbox 671 3377 725 3426; x_wconf 91' lang='lat' dir='ltr'>aut</span> <span class='ocrx_word' id='word_1_295' title='bbox 739 3368 830 3428; x_wconf 90' lang='lat' dir='ltr'>simul</span> <span class='ocrx_word' id='word_1_296' title='bbox 846 3389 915 3428; x_wconf 91' lang='lat' dir='ltr'>cum</span> <span class='ocrx_word' id='word_1_297' title='bbox 930 3368 1033 3446; x_wconf 90' lang='lat' dir='ltr'>patria</span> <span class='ocrx_word' id='word_1_298' title='bbox 1044 3367 1124 3427; x_wconf 78' lang='lat' dir='ltr'>desc</span> 
     </span>
     <span class='ocr_line' id='line_1_40' title="bbox 216 3441 1125 3526; baseline 0.007 -26"><span class='ocrx_word' id='word_1_299' title='bbox 216 3441 326 3502; x_wconf 83' lang='lat' dir='ltr'>rendi?</span> <span class='ocrx_word' id='word_1_300' title='bbox 367 3443 477 3502; x_wconf 87' lang='lat' dir='ltr'>Punici</span> <span class='ocrx_word' id='word_1_301' title='bbox 498 3454 601 3505; x_wconf 90' lang='lat' dir='ltr'>tamen</span> <span class='ocrx_word' id='word_1_302' title='bbox 627 3445 699 3505; x_wconf 92' lang='lat' dir='ltr'>belli</span> <span class='ocrx_word' id='word_1_303' title='bbox 723 3448 898 3526; x_wconf 85' lang='lat' dir='ltr'>perpetrati,</span> <span class='ocrx_word' id='word_1_304' title='bbox 920 3467 980 3526; x_wconf 93' lang='lat' dir='ltr'>quo</span> <span class='ocrx_word' id='word_1_305' title='bbox 1001 3447 1125 3506; x_wconf 89' lang='lat' dir='ltr'>nullum</span> 
     </span>
    </p>
   </div>
   <div class='ocr_carea' id='block_1_3' title="bbox 0 0 1286 3788">
    <p class='ocr_par' dir='ltr' id='par_1_11' title="bbox 0 0 1286 3788">
     <span class='ocr_line' id='line_1_41' title="bbox 0 0 1286 3788; baseline 0 3"><span class='ocrx_word' id='word_1_306' title='bbox 0 0 1286 3788; x_wconf 95' lang='lat' dir='ltr'> </span> 
     </span>
    </p>
   </div>
  </div>
 </body>
</html>
