2568 3782
433 269 567 318 mana
592 268 685 336 xm,
714 251 845 316 53-54.
1076 231 1139 319 181

180 431 301 510 geniem
317 449 411 501 suam,
427 428 503 488 duos
518 427 655 488 consules
674 425 905 565 consularesque
925 425 1086 499 exercitus,

180 513 214 570 in
228 509 332 570 media
345 509 439 569 Italia
454 509 595 588 paventis
615 508 698 567 intra
719 515 826 578 castra,
869 525 988 578 oenum,
1004 507 1086 586 quod

181 591 262 651 inter
286 588 378 669 Alpis
402 588 661 668 Apenninumque
688 587 754 665 agri
781 587 829 658 sit,
858 606 931 646 suae
958 586 1086 648 dicionis

175 671 334 744 ‚fecisse‘l'’
376 669 464 729 Haec
492 668 633 728 adsidens
660 688 751 745 aegro
775 666 928 746 conlegae,
953 667 1029 727 haec
1053 667 1085 726 in

182 751 334 830 praetorio
355 769 449 828 prope
469 748 733 809 contionabundus
761 767 857 826 agere.
899 746 1086 808 Stimulabat
1120 749 1140 811 5

176 840 213 891 'et
232 838 352 908 tempus
373 830 553 910 propincum
575 829 777 899 comitiorum,
792 847 829 888 ne
850 827 882 886 in
902 848 995 888 novos
1017 848 1085 888 con·

182 911 262 971 soles
283 910 399 971 bellum
420 909 602 982 differretur,
616 918 646 969 et
667 910 783 969 occasio
803 909 835 967 in
857 928 887 968 se
909 928 1004 968 unum
1022 929 1086 968 ver·

182 991 293 1051 tendae
320 991 445 1070 gloriae,
473 990 547 1049 dum
578 1009 668 1068 aeger
695 989 822 1076 conlega
850 997 923 1049 erat.
967 989 1085 1068 Itaque,

181 1072 367 1150 nequiquam
388 1070 583 1130 dissentiente
604 1069 754 1143 (bruelio,
777 1069 880 1150 parari
901 1069 941 1130 ad
962 1070 1084 1150 propiu-

182 1172 252 1213 cum
267 1161 419 1211 certamen
435 1151 546 1210 milites
556 1149 652 1230 jubet.
1101 1155 1139 1217 10

222 1231 384 1292 Hannibal
399 1251 479 1304 cum,
490 1231 564 1310 quid
579 1231 727 1310 optimum
744 1231 821 1320 fogei
834 1231 924 1306 hosti,
940 1243 1084 1308 cerneret,

182 1313 236 1375 vix
266 1312 362 1372 ullam
389 1332 474 1392 spem
501 1310 635 1372 habebat
661 1321 774 1372 temere
805 1321 897 1392 atque
924 1313 1085 1393 inprovide

182 1395 347 1474 quicquam
362 1394 503 1454 consules·
519 1402 656 1464 acturos;
680 1414 750 1454 cum
771 1394 896 1454 alterius
917 1393 1084 1473 ingenium,

181 1478 265 1536 fama
285 1476 379 1556 prius,
400 1475 563 1536 deludere
584 1476 749 1555 cognitum,
769 1476 920 1555 percitum
940 1496 977 1536 ac
997 1476 1084 1537 ferox

181 1560 272 1618 sciret
293 1576 364 1630 esse,
379 1558 568 1638 ferociusque
589 1557 704 1618 factum
720 1578 861 1637 prospero
876 1579 944 1620 cum
959 1559 1085 1637 praeda·
1100 1557 1138 1620 15

182 1641 300 1700 toribus
320 1641 382 1700 suis
403 1640 569 1703 certamine
590 1640 734 1713 crederet,
749 1640 851 1700 adesse
872 1640 1021 1719 gerendae
1039 1641 1082 1700 rei

181 1721 337 1783 fortunam
358 1717 442 1780 haud
462 1720 629 1782 diffidebat.
671 1719 765 1800 Cujus
788 1741 826 1780 ne
849 1721 929 1800 quod
952 1730 1082 1800 praeter-

182 1803 317 1864 mitteret
348 1809 467 1880 tempus
500 1801 649 1862 sollicitus
677 1801 872 1881 intentusque
905 1810 980 1874 erat,
1009 1802 1083 1864 dum

182 1883 242 1943 tiro
259 1881 391 1944 hostium
413 1881 499 1943 miles
520 1891 604 1956 esset,
619 1882 693 1943 dum
717 1883 871 1943 meliorem
893 1901 933 1943 ex
955 1883 1084 1944 ducibus

179 1959 325 2024 inutilem
345 1963 457 2026 vulnus
478 1964 600 2038 faceret,
615 1962 689 2022 dum
710 1962 872 2024 Gallorum
893 1963 988 2023 animi
1003 1963 1084 2041 vige·
1099 1962 1138 2025 20

183 2054 260 2117 rent,
275 2064 405 2123 quorum
419 2045 573 2123 ingentem
589 2043 818 2104 multitudinem
835 2043 949 2104 sciebat
963 2045 1084 2122 segnius

182 2133 365 2197 secuturam,
393 2135 508 2203 quanto
543 2124 663 2203 longius
693 2123 733 2184 ab
762 2124 851 2184 domo
879 2125 1082 2186 traherentur.

182 2205 261 2266 Cum
276 2204 314 2264 ob
328 2204 403 2265 haec
418 2205 554 2284 taliaque
573 2213 708 2284 speraret
729 2205 909 2284 propincum
931 2214 1085 2266 certamen

182 2295 219 2347 et·
247 2282 356 2358 facere,
384 2285 410 2346 si
445 2294 619 2358 cessaretur,
654 2293 788 2364 cuperet,
822 2284 1084 2365 speculatoresque
1108 2335 1111 2342 ,

181 2365 278 2439 Galli,
292 2365 333 2426 ad
347 2386 384 2426 ea
398 2365 588 2444 exploranda
603 2385 680 2445 quae
696 2365 789 2426 vellet
810 2367 937 2426 tutiores
958 2366 1030 2446 quia
1051 2365 1083 2426 in
1099 2363 1138 2425 25

183 2448 319 2526 utrisque
333 2446 440 2507 castris
455 2445 640 2518 militabant,
656 2456 778 2525 paratos
799 2466 920 2525 pugnae
940 2467 1003 2507 esse
1024 2446 1084 2507 Ro·

183 2547 288 2587 manos
317 2526 514 2600 rettulissent,
542 2525 645 2587 locum
679 2519 798 2587 insidiis
833 2527 1084 2606 circumspectare

182 2607 301 2668 Poenus
322 2607 429 2687 coepit.

221 2687 310 2749 LIV.
352 2688 432 2749 Erat
459 2687 491 2747 in
519 2687 619 2748 medio
647 2687 731 2749 rivus
759 2685 903 2766 praealtis
931 2687 1085 2768 utrimque

184 2767 304 2836 clausus
323 2769 407 2848 ripis,
422 2778 452 2830 et
474 2769 556 2829 circa
576 2768 691 2830 obsitus
713 2767 899 2848 palustribus
919 2768 1030 2841 herbis,
1046 2779 1084 2852 et,
1100 2768 1139 2830 30

183 2848 294 2928 quibus
314 2849 433 2909 inculta
453 2847 547 2909 ferme
568 2849 749 2922 vestiuntur,
766 2849 910 2926 virgultis
929 2848 1086 2930 vepribus·

183 2949 250 3008 que.
293 2929 394 3006 Quem
417 2929 468 2990 ubi
490 2930 605 3009 equites
626 2949 746 3008 quoque
766 2929 895 3008 tegendo
916 2931 989 2989 satis
1011 2929 1084 2989 late·

181 3007 305 3068 brosum
328 3007 430 3070 locum
451 3009 672 3070 circumvectus
687 3010 751 3088 ipse
765 3009 861 3068 oculis
877 3009 1085 3088 perlustravit,

185 3089 262 3149 “hic
283 3090 341 3149 erit
362 3090 475 3162 locus,'’
494 3086 620 3168 Magoni
645 3089 734 3150 fratri
759 3089 811 3160 ait,
836 3093 852 3120 “
862 3109 951 3168 quem
974 3089 1097 3167 teneas.¹

184 3167 295 3248 Delige
316 3180 456 3230 centenos
477 3171 558 3230 viros
579 3190 618 3229 ex
639 3169 721 3230 omni
743 3169 845 3248 pedite
865 3179 956 3247 atque
975 3170 1085 3247 equite,
1100 3168 1139 3228 35

182 3253 255 3308 'cum
276 3249 386 3328 quibus
406 3249 446 3310 ad
468 3270 515 3310 me
532 3249 641 3328 vigilia
683 3251 761 3308 rima
777 3250 898 3321 venias;
919 3269 1001 3308 nunc
1023 3269 1085 3309 cor·

187 3327 259 3390 ''ora
281 3349 399 3401 curare,
410 3339 528 3410 tempus
547 3329 621 3390 est.'’
655 3269 715 3388 'lta
739 3330 926 3408 praetorium
951 3329 1085 3387 missum.

221 3421 261 3468 ox
277 3411 347 3482 cum
365 3409 491 3470 delectis
509 3409 602 3487 Mago
624 3408 739 3469 aderat.
763 3409 765 3418 ‘
783 3407 935 3468 “Robora
948 3407 1086 3466 virorum

185 3482 304 3564 esino?
329 3487 631 3569 inquitHannibsi13
660 3486 739 3546 “sed
764 3486 810 3546 uti
834 3503 960 3544 numero
984 3483 1086 3556 etiam,
