<?xml version="1.0" encoding="UTF-8"?>
<!DOCTYPE html PUBLIC "-//W3C//DTD XHTML 1.0 Transitional//EN"
    "http://www.w3.org/TR/xhtml1/DTD/xhtml1-transitional.dtd">
<html xmlns="http://www.w3.org/1999/xhtml" xml:lang="en" lang="en">
 <head>
  <title>
</title>
<meta http-equiv="Content-Type" content="text/html;charset=utf-8" />
  <meta name='ocr-system' content='tesseract 3.04.00' />
  <meta name='ocr-capabilities' content='ocr_page ocr_carea ocr_par ocr_line ocrx_word'/>
</head>
<body>
  <div class='ocr_page' id='page_1' title='image "./historieslivybo01chasgoog_0095.png"; bbox 0 0 2568 3782; ppageno 0'>
   <div class='ocr_carea' id='block_1_1' title="bbox 152 221 975 284">
    <p class='ocr_par' dir='ltr' id='par_1_1' title="bbox 152 221 975 284">
     <span class='ocr_line' id='line_1_1' title="bbox 152 221 975 284; baseline -0.013 -2"><span class='ocrx_word' id='word_1_1' title='bbox 152 221 194 284; x_wconf 89' lang='lat'>88</span> <span class='ocrx_word' id='word_1_2' title='bbox 324 231 413 278; x_wconf 77' lang='lat' dir='ltr'>arar</span> <span class='ocrx_word' id='word_1_3' title='bbox 441 229 538 277; x_wconf 83' lang='lat' dir='ltr'>nrvr</span> <span class='ocrx_word' id='word_1_4' title='bbox 565 229 619 274; x_wconf 79' lang='lat' dir='ltr'>aa</span> <span class='ocrx_word' id='word_1_5' title='bbox 644 227 760 275; x_wconf 83' lang='lat' dir='ltr'>vana</span> <span class='ocrx_word' id='word_1_6' title='bbox 785 223 975 274; x_wconf 76' lang='lat' dir='ltr'>eonnrra</span> 
     </span>
    </p>
   </div>
   <div class='ocr_carea' id='block_1_2' title="bbox 80 381 1267 3562">
    <p class='ocr_par' dir='ltr' id='par_1_2' title="bbox 80 381 1268 3562">
     <span class='ocr_line' id='line_1_2' title="bbox 204 381 1104 470; baseline -0.009 -20"><span class='ocrx_word' id='word_1_7' title='bbox 204 409 263 470; x_wconf 89' lang='lat' dir='ltr'>que</span> <span class='ocrx_word' id='word_1_8' title='bbox 284 387 365 448; x_wconf 89' lang='lat' dir='ltr'>mitti</span> <span class='ocrx_word' id='word_1_9' title='bbox 386 387 499 464; x_wconf 90' lang='lat' dir='ltr'>legatos</span> <span class='ocrx_word' id='word_1_10' title='bbox 520 385 551 444; x_wconf 91' lang='lat' dir='ltr'>in</span> <span class='ocrx_word' id='word_1_11' title='bbox 574 383 757 463; x_wconf 82' lang='lat' dir='ltr'><strong>Hispaniam</strong></span> <span class='ocrx_word' id='word_1_12' title='bbox 777 383 815 443; x_wconf 88' lang='lat' dir='ltr'>ad</span> <span class='ocrx_word' id='word_1_13' title='bbox 836 403 882 442; x_wconf 89' lang='lat' dir='ltr'>res</span> <span class='ocrx_word' id='word_1_14' title='bbox 896 381 1047 443; x_wconf 84' lang='lat' dir='ltr'>sociorum</span> <span class='ocrx_word' id='word_1_15' title='bbox 1061 381 1104 442; x_wconf 91' lang='lat' dir='ltr'>in·</span> 
     </span>
     <span class='ocr_line' id='line_1_3' title="bbox 204 463 1105 550; baseline -0.011 -19"><span class='ocrx_word' id='word_1_16' title='bbox 204 468 382 550; x_wconf 86' lang='lat' dir='ltr'>spiciendas‚</span> <span class='ocrx_word' id='word_1_17' title='bbox 397 466 507 545; x_wconf 88' lang='lat' dir='ltr'>quihus</span> <span class='ocrx_word' id='word_1_18' title='bbox 527 465 553 525; x_wconf 87' lang='lat' dir='ltr'>si</span> <span class='ocrx_word' id='word_1_19' title='bbox 567 465 722 526; x_wconf 88' lang='lat' dir='ltr'>videretur</span> <span class='ocrx_word' id='word_1_20' title='bbox 742 465 835 542; x_wconf 89' lang='lat' dir='ltr'>digna</span> <span class='ocrx_word' id='word_1_21' title='bbox 856 483 954 534; x_wconf 88' lang='lat' dir='ltr'>causa,</span> <span class='ocrx_word' id='word_1_22' title='bbox 969 474 1000 524; x_wconf 92' lang='lat' dir='ltr'>et</span> <span class='ocrx_word' id='word_1_23' title='bbox 1019 463 1105 522; x_wconf 91' lang='lat' dir='ltr'>Han·</span> 
     </span>
     <span class='ocr_line' id='line_1_4' title="bbox 205 542 1105 623; baseline -0.011 -13"><span class='ocrx_word' id='word_1_24' title='bbox 205 549 301 611; x_wconf 88' lang='lat' dir='ltr'>nibali</span> <span class='ocrx_word' id='word_1_25' title='bbox 322 547 539 608; x_wconf 76' lang='lat' dir='ltr'>denuntiarent</span> <span class='ocrx_word' id='word_1_26' title='bbox 560 555 594 604; x_wconf 90' lang='lat' dir='ltr'>ut</span> <span class='ocrx_word' id='word_1_27' title='bbox 615 545 654 604; x_wconf 90' lang='lat' dir='ltr'>ab</span> <span class='ocrx_word' id='word_1_28' title='bbox 676 544 863 623; x_wconf 69' lang='lat' dir='ltr'>Saguntinis</span> <span class='ocrx_word' id='word_1_29' title='bbox 884 543 971 602; x_wconf 85' lang='lat' dir='ltr'>sociis</span> <span class='ocrx_word' id='word_1_30' title='bbox 999 542 1105 623; x_wconf 92' lang='lat' dir='ltr'>populi</span> 
     </span>
     <span class='ocr_line' id='line_1_5' title="bbox 206 623 1106 702; baseline -0.011 -11"><span class='ocrx_word' id='word_1_31' title='bbox 206 630 348 701; x_wconf 89' lang='lat' dir='ltr'>Romani,</span> <span class='ocrx_word' id='word_1_32' title='bbox 360 628 535 698; x_wconf 77' lang='lat' dir='ltr'>abstineret,</span> <span class='ocrx_word' id='word_1_33' title='bbox 549 634 579 685; x_wconf 90' lang='lat' dir='ltr'>et</span> <span class='ocrx_word' id='word_1_34' title='bbox 593 625 814 702; x_wconf 73' lang='lat' dir='ltr'>Carthaginem</span> <span class='ocrx_word' id='word_1_35' title='bbox 834 625 865 683; x_wconf 92' lang='lat' dir='ltr'>in</span> <span class='ocrx_word' id='word_1_36' title='bbox 880 623 1021 683; x_wconf 79' lang='lat' dir='ltr'>Africam</span> <span class='ocrx_word' id='word_1_37' title='bbox 1036 623 1106 683; x_wconf 83' lang='lat' dir='ltr'>trai-</span> 
     </span>
     <span class='ocr_line' id='line_1_6' title="bbox 92 703 1260 828; baseline -0.014 -53"><span class='ocrx_word' id='word_1_38' title='bbox 92 721 153 762; x_wconf 53' lang='lat' dir='ltr'>aas</span> <span class='ocrx_word' id='word_1_39' title='bbox 173 715 308 776; x_wconf 78' lang='lat' dir='ltr'>baereat</span> <span class='ocrx_word' id='word_1_40' title='bbox 329 730 364 769; x_wconf 92' lang='lat' dir='ltr'>ac</span> <span class='ocrx_word' id='word_1_41' title='bbox 386 709 534 767; x_wconf 90' lang='lat' dir='ltr'>sociorum</span> <span class='ocrx_word' id='word_1_42' title='bbox 557 704 663 784; x_wconf 93' lang='lat' dir='ltr'>populi</span> <span class='ocrx_word' id='word_1_43' title='bbox 686 705 817 764; x_wconf 86' lang='lat' dir='ltr'>Romani</span> <span class='ocrx_word' id='word_1_44' title='bbox 839 704 1042 784; x_wconf 84' lang='lat' dir='ltr'>querimonias</span> <span class='ocrx_word' id='word_1_45' title='bbox 1059 703 1213 828; x_wconf 44' lang='lat' dir='ltr'>detra</span> <span class='ocrx_word' id='word_1_46' title='bbox 1257 707 1260 818; x_wconf 62' lang='lat' dir='ltr'>q</span> 
     </span>
     <span class='ocr_line' id='line_1_7' title="bbox 80 783 1107 866; baseline -0.009 -15"><span class='ocrx_word' id='word_1_47' title='bbox 80 813 91 858; x_wconf 65' lang='grc' dir='ltr'><em>ε</em></span> <span class='ocrx_word' id='word_1_48' title='bbox 125 811 176 844; x_wconf 61' lang='lat'>1¹*</span> <span class='ocrx_word' id='word_1_49' title='bbox 207 790 446 863; x_wconf 66' lang='lat' dir='ltr'>ferrent-hac</span> <span class='ocrx_word' id='word_1_50' title='bbox 467 787 627 866; x_wconf 64' lang='lat' dir='ltr'>legatione,</span> <span class='ocrx_word' id='word_1_51' title='bbox 640 785 761 854; x_wconf 85' lang='lat' dir='ltr'>decreta</span> <span class='ocrx_word' id='word_1_52' title='bbox 782 785 912 844; x_wconf 90' lang='lat' dir='ltr'>necdum</span> <span class='ocrx_word' id='word_1_53' title='bbox 934 783 1032 856; x_wconf 90' lang='lat' dir='ltr'>missa,</span> <span class='ocrx_word' id='word_1_54' title='bbox 1047 803 1107 843; x_wconf 92' lang='lat' dir='ltr'>om·</span> 
     </span>
     <span class='ocr_line' id='line_1_8' title="bbox 165 819 1261 958; baseline -0.008 -27"><span class='ocrx_word' id='word_1_55' title='bbox 165 873 293 958; x_wconf 59' lang='lat' dir='ltr'>„allium</span> <span class='ocrx_word' id='word_1_56' title='bbox 307 891 359 950; x_wconf 87' lang='lat' dir='ltr'>spe</span> <span class='ocrx_word' id='word_1_57' title='bbox 372 869 500 929; x_wconf 86' lang='lat' dir='ltr'>celerius</span> <span class='ocrx_word' id='word_1_58' title='bbox 514 867 685 944; x_wconf 79' lang='lat' dir='ltr'>Saguntum</span> <span class='ocrx_word' id='word_1_59' title='bbox 701 865 871 944; x_wconf 86' lang='lat' dir='ltr'>oppugnari</span> <span class='ocrx_word' id='word_1_60' title='bbox 893 863 1031 924; x_wconf 88' lang='lat' dir='ltr'>adlatum</span> <span class='ocrx_word' id='word_1_61' title='bbox 1054 872 1106 924; x_wconf 88' lang='lat' dir='ltr'>est.</span> <span class='ocrx_word' id='word_1_62' title='bbox 1258 819 1261 920; x_wconf 86' lang='lat' dir='ltr'>l</span> 
     </span>
     <span class='ocr_line' id='line_1_9' title="bbox 179 944 1262 1032; baseline -0.011 -20"><span class='ocrx_word' id='word_1_63' title='bbox 179 963 186 990; x_wconf 74' lang='lat'>·&#39;</span> <span class='ocrx_word' id='word_1_64' title='bbox 206 951 294 1012; x_wconf 84' lang='lat' dir='ltr'>Tunc</span> <span class='ocrx_word' id='word_1_65' title='bbox 309 951 405 1010; x_wconf 89' lang='lat' dir='ltr'>relata</span> <span class='ocrx_word' id='word_1_66' title='bbox 420 950 458 1010; x_wconf 88' lang='lat' dir='ltr'>de</span> <span class='ocrx_word' id='word_1_67' title='bbox 472 950 589 1026; x_wconf 81' lang='lat' dir='ltr'>integro</span> <span class='ocrx_word' id='word_1_68' title='bbox 611 966 657 1005; x_wconf 89' lang='lat' dir='ltr'>res</span> <span class='ocrx_word' id='word_1_69' title='bbox 679 945 718 1005; x_wconf 91' lang='lat' dir='ltr'>ad</span> <span class='ocrx_word' id='word_1_70' title='bbox 739 955 895 1015; x_wconf 63' lang='lat' dir='ltr'>senatum</span> <span class='ocrx_word' id='word_1_71' title='bbox 918 954 947 1003; x_wconf 89' lang='lat' dir='ltr'>et</span> <span class='ocrx_word' id='word_1_72' title='bbox 964 944 1027 1016; x_wconf 89' lang='lat' dir='ltr'>alii,</span> <span class='ocrx_word' id='word_1_73' title='bbox 1042 965 1108 1022; x_wconf 89' lang='lat' dir='ltr'>pro·</span> <span class='ocrx_word' id='word_1_74' title='bbox 1261 945 1262 1032; x_wconf 65' lang='lat' dir='ltr'>l</span> 
     </span>
     <span class='ocr_line' id='line_1_10' title="bbox 177 1024 1108 1106; baseline -0.014 -9"><span class='ocrx_word' id='word_1_75' title='bbox 177 1033 324 1096; x_wconf 76' lang='lat' dir='ltr'>nvinoias</span> <span class='ocrx_word' id='word_1_76' title='bbox 345 1024 518 1091; x_wconf 87' lang='lat' dir='ltr'>consulibus</span> <span class='ocrx_word' id='word_1_77' title='bbox 541 1027 724 1106; x_wconf 81' lang='lat' dir='ltr'>Hispaniam</span> <span class='ocrx_word' id='word_1_78' title='bbox 745 1035 836 1104; x_wconf 87' lang='lat' dir='ltr'>atquc</span> <span class='ocrx_word' id='word_1_79' title='bbox 851 1025 989 1084; x_wconf 86' lang='lat' dir='ltr'>Africam</span> <span class='ocrx_word' id='word_1_80' title='bbox 1010 1025 1108 1085; x_wconf 86' lang='lat' dir='ltr'>decer·</span> 
     </span>
     <span class='ocr_line' id='line_1_11' title="bbox 156 1103 1108 1188; baseline -0.012 -16"><span class='ocrx_word' id='word_1_81' title='bbox 156 1119 195 1180; x_wconf 93' lang='lat'>10</span> <span class='ocrx_word' id='word_1_82' title='bbox 208 1121 321 1183; x_wconf 89' lang='lat' dir='ltr'>nentes,</span> <span class='ocrx_word' id='word_1_83' title='bbox 335 1121 418 1170; x_wconf 86' lang='lat' dir='ltr'>terra</span> <span class='ocrx_word' id='word_1_84' title='bbox 440 1111 576 1188; x_wconf 88' lang='lat' dir='ltr'>marique</span> <span class='ocrx_word' id='word_1_85' title='bbox 597 1127 661 1172; x_wconf 86' lang='lat' dir='ltr'>rem</span> <span class='ocrx_word' id='word_1_86' title='bbox 683 1107 847 1185; x_wconf 81' lang='lat' dir='ltr'>gerendam</span> <span class='ocrx_word' id='word_1_87' title='bbox 869 1105 1039 1182; x_wconf 51' lang='lat' dir='ltr'>cernebant,</span> <span class='ocrx_word' id='word_1_88' title='bbox 1054 1103 1108 1167; x_wconf 85' lang='lat' dir='ltr'>alii</span> 
     </span>
     <span class='ocr_line' id='line_1_12' title="bbox 209 1183 1110 1269; baseline -0.008 -17"><span class='ocrx_word' id='word_1_89' title='bbox 209 1202 307 1253; x_wconf 92' lang='lat' dir='ltr'>totum</span> <span class='ocrx_word' id='word_1_90' title='bbox 335 1192 367 1250; x_wconf 91' lang='lat' dir='ltr'>iu</span> <span class='ocrx_word' id='word_1_91' title='bbox 396 1190 580 1269; x_wconf 86' lang='lat' dir='ltr'>Hispaniam</span> <span class='ocrx_word' id='word_1_92' title='bbox 610 1187 881 1264; x_wconf 84' lang='lat' dir='ltr'>Hannibalemque</span> <span class='ocrx_word' id='word_1_93' title='bbox 909 1183 1110 1250; x_wconf 85' lang='lat' dir='ltr'>intendebant</span> 
     </span>
     <span class='ocr_line' id='line_1_13' title="bbox 208 1266 1265 1351; baseline -0.01 -18"><span class='ocrx_word' id='word_1_94' title='bbox 208 1271 341 1344; x_wconf 79' lang='lat' dir='ltr'>bellum3</span> <span class='ocrx_word' id='word_1_95' title='bbox 363 1281 459 1342; x_wconf 86' lang='lat' dir='ltr'>erant,</span> <span class='ocrx_word' id='word_1_96' title='bbox 474 1271 526 1348; x_wconf 89' lang='lat' dir='ltr'>qni</span> <span class='ocrx_word' id='word_1_97' title='bbox 548 1291 608 1330; x_wconf 91' lang='lat' dir='ltr'>non</span> <span class='ocrx_word' id='word_1_98' title='bbox 630 1282 742 1330; x_wconf 90' lang='lat' dir='ltr'>temere</span> <span class='ocrx_word' id='word_1_99' title='bbox 764 1266 944 1327; x_wconf 85' lang='lat' dir='ltr'>movendam</span> <span class='ocrx_word' id='word_1_100' title='bbox 966 1287 1028 1326; x_wconf 87' lang='lat' dir='ltr'>rem</span> <span class='ocrx_word' id='word_1_101' title='bbox 1046 1275 1110 1325; x_wconf 88' lang='lat' dir='ltr'>tan-</span> <span class='ocrx_word' id='word_1_102' title='bbox 1125 1333 1152 1351; x_wconf 37' lang='lat' dir='ltr'><em>w</em></span> <span class='ocrx_word' id='word_1_103' title='bbox 1264 1329 1265 1340; x_wconf 11' lang='grc' dir='ltr'>χ</span> 
     </span>
     <span class='ocr_line' id='line_1_14' title="bbox 209 1343 1167 1430; baseline -0.007 -17"><span class='ocrx_word' id='word_1_104' title='bbox 209 1362 282 1424; x_wconf 89' lang='lat' dir='ltr'>tam,</span> <span class='ocrx_word' id='word_1_105' title='bbox 298 1351 560 1430; x_wconf 83' lang='lat' dir='ltr'>expectandosque</span> <span class='ocrx_word' id='word_1_106' title='bbox 577 1372 616 1412; x_wconf 80' lang='lat' dir='ltr'>ex</span> <span class='ocrx_word' id='word_1_107' title='bbox 634 1351 788 1430; x_wconf 88' lang='lat' dir='ltr'>Hispania</span> <span class='ocrx_word' id='word_1_108' title='bbox 809 1349 931 1426; x_wconf 87' lang='lat' dir='ltr'>legatos,</span> <span class='ocrx_word' id='word_1_109' title='bbox 947 1343 1167 1406; x_wconf 45' lang='lat' dir='ltr'>censerent?</span> 
     </span>
     <span class='ocr_line' id='line_1_15' title="bbox 211 1427 1266 1512; baseline -0.002 -20"><span class='ocrx_word' id='word_1_110' title='bbox 211 1433 297 1493; x_wconf 89' lang='lat' dir='ltr'>Haec</span> <span class='ocrx_word' id='word_1_111' title='bbox 331 1433 490 1503; x_wconf 86' lang='lat' dir='ltr'>sententia,</span> <span class='ocrx_word' id='word_1_112' title='bbox 525 1451 603 1510; x_wconf 85' lang='lat' dir='ltr'>quae</span> <span class='ocrx_word' id='word_1_113' title='bbox 637 1433 788 1492; x_wconf 88' lang='lat' dir='ltr'>tutissima</span> <span class='ocrx_word' id='word_1_114' title='bbox 816 1428 988 1498; x_wconf 88' lang='lat' dir='ltr'>videbatur,</span> <span class='ocrx_word' id='word_1_115' title='bbox 1016 1427 1109 1504; x_wconf 80' lang='lat' dir='ltr'>vicit3</span> <span class='ocrx_word' id='word_1_116' title='bbox 1204 1483 1210 1490; x_wconf 93' lang='lat'>.</span> <span class='ocrx_word' id='word_1_117' title='bbox 1265 1505 1266 1512; x_wconf 8' lang='grc' dir='ltr'>ἵ</span> 
     </span>
     <span class='ocr_line' id='line_1_16' title="bbox 159 1507 1267 1592; baseline -0.006 -18"><span class='ocrx_word' id='word_1_118' title='bbox 159 1521 197 1581; x_wconf 88' lang='lat'>15</span> <span class='ocrx_word' id='word_1_119' title='bbox 211 1513 362 1592; x_wconf 89' lang='lat' dir='ltr'>legatique</span> <span class='ocrx_word' id='word_1_120' title='bbox 383 1533 417 1573; x_wconf 92' lang='lat' dir='ltr'>eo</span> <span class='ocrx_word' id='word_1_121' title='bbox 439 1513 588 1572; x_wconf 89' lang='lat' dir='ltr'>maturius</span> <span class='ocrx_word' id='word_1_122' title='bbox 609 1513 700 1584; x_wconf 88' lang='lat' dir='ltr'>missi,</span> <span class='ocrx_word' id='word_1_123' title='bbox 716 1512 750 1572; x_wconf 92' lang='lat' dir='ltr'>P.</span> <span class='ocrx_word' id='word_1_124' title='bbox 766 1510 909 1572; x_wconf 89' lang='lat' dir='ltr'>Valerius</span> <span class='ocrx_word' id='word_1_125' title='bbox 931 1507 1061 1568; x_wconf 85' lang='lat' dir='ltr'>Flaccus</span> <span class='ocrx_word' id='word_1_126' title='bbox 1083 1519 1112 1568; x_wconf 90' lang='lat' dir='ltr'>et</span> <span class='ocrx_word' id='word_1_127' title='bbox 1266 1520 1267 1576; x_wconf 73' lang='lat' dir='ltr'>l</span> 
     </span>
     <span class='ocr_line' id='line_1_17' title="bbox 212 1587 1110 1672; baseline -0.004 -18"><span class='ocrx_word' id='word_1_128' title='bbox 212 1595 250 1671; x_wconf 74' lang='lat' dir='ltr'>Q.</span> <span class='ocrx_word' id='word_1_129' title='bbox 274 1593 404 1654; x_wconf 87' lang='lat' dir='ltr'>Baebius</span> <span class='ocrx_word' id='word_1_130' title='bbox 426 1591 614 1672; x_wconf 88' lang='lat' dir='ltr'>Tamphilus,</span> <span class='ocrx_word' id='word_1_131' title='bbox 636 1587 806 1672; x_wconf 79' lang='lat' dir='ltr'>Saguntum</span> <span class='ocrx_word' id='word_1_132' title='bbox 835 1593 873 1653; x_wconf 90' lang='lat' dir='ltr'>ad</span> <span class='ocrx_word' id='word_1_133' title='bbox 903 1591 1110 1652; x_wconf 89' lang='lat' dir='ltr'>Hannibalem</span> 
     </span>
     <span class='ocr_line' id='line_1_18' title="bbox 211 1671 1112 1754; baseline -0.002 -20"><span class='ocrx_word' id='word_1_134' title='bbox 211 1685 303 1754; x_wconf 84' lang='lat' dir='ltr'>atque</span> <span class='ocrx_word' id='word_1_135' title='bbox 317 1673 388 1733; x_wconf 88' lang='lat' dir='ltr'>inde</span> <span class='ocrx_word' id='word_1_136' title='bbox 402 1673 627 1752; x_wconf 77' lang='lat' dir='ltr'>Carthaginem,</span> <span class='ocrx_word' id='word_1_137' title='bbox 642 1674 667 1733; x_wconf 88' lang='lat' dir='ltr'>si</span> <span class='ocrx_word' id='word_1_138' title='bbox 683 1695 743 1734; x_wconf 89' lang='lat' dir='ltr'>non</span> <span class='ocrx_word' id='word_1_139' title='bbox 758 1675 953 1752; x_wconf 85' lang='lat' dir='ltr'>absisteretur</span> <span class='ocrx_word' id='word_1_140' title='bbox 967 1673 1058 1745; x_wconf 91' lang='lat' dir='ltr'>bello,</span> <span class='ocrx_word' id='word_1_141' title='bbox 1073 1671 1112 1732; x_wconf 90' lang='lat' dir='ltr'>ad</span> 
     </span>
     <span class='ocr_line' id='line_1_19' title="bbox 213 1742 1159 1836; baseline 0.001 -21"><span class='ocrx_word' id='word_1_142' title='bbox 213 1755 433 1834; x_wconf 69' lang='lat' dir='ltr'>ducemjpsum</span> <span class='ocrx_word' id='word_1_143' title='bbox 449 1753 480 1812; x_wconf 88' lang='lat' dir='ltr'>in</span> <span class='ocrx_word' id='word_1_144' title='bbox 497 1770 623 1832; x_wconf 89' lang='lat' dir='ltr'>poenam</span> <span class='ocrx_word' id='word_1_145' title='bbox 639 1755 766 1816; x_wconf 84' lang='lat' dir='ltr'>foederis</span> <span class='ocrx_word' id='word_1_146' title='bbox 781 1757 865 1836; x_wconf 88' lang='lat' dir='ltr'>rupti</span> <span class='ocrx_word' id='word_1_147' title='bbox 880 1742 1159 1835; x_wconf 60' lang='lat' dir='ltr'>deposcendum&lt;</span> 
     </span>
     <span class='ocr_line' id='line_1_20' title="bbox 252 1823 1111 1936; baseline -0.001 -41"><span class='ocrx_word' id='word_1_148' title='bbox 252 1834 352 1912; x_wconf 60' lang='lat' dir='ltr'>VHss·</span> <span class='ocrx_word' id='word_1_149' title='bbox 371 1827 452 1894; x_wconf 76' lang='lat' dir='ltr'>Dhm</span> <span class='ocrx_word' id='word_1_150' title='bbox 469 1831 504 1894; x_wconf 65' lang='lat' dir='ltr'>aa</span> <span class='ocrx_word' id='word_1_151' title='bbox 519 1834 656 1895; x_wconf 71' lang='lat' dir='ltr'>Romani*</span> <span class='ocrx_word' id='word_1_152' title='bbox 666 1823 777 1915; x_wconf 72' lang='lat' dir='ltr'>pllrant</span> <span class='ocrx_word' id='word_1_153' title='bbox 794 1836 1035 1936; x_wconf 74' lang='lat' dir='ltr'>consultantqu‘e‘,</span> <span class='ocrx_word' id='word_1_154' title='bbox 1047 1836 1111 1915; x_wconf 76' lang='lat' dir='ltr'>jam</span> 
     </span>
     <span class='ocr_line' id='line_1_21' title="bbox 161 1907 1157 1995; baseline -0.007 -18"><span class='ocrx_word' id='word_1_155' title='bbox 161 1922 199 1984; x_wconf 78' lang='lat'>20</span> <span class='ocrx_word' id='word_1_156' title='bbox 213 1910 382 1995; x_wconf 73' lang='lat' dir='ltr'>S&#39;agnntnm</span> <span class='ocrx_word' id='word_1_157' title='bbox 396 1913 515 1974; x_wconf 81' lang='lat' dir='ltr'>siimm&#39;a</span> <span class='ocrx_word' id='word_1_158' title='bbox 524 1915 558 1974; x_wconf 78' lang='lat' dir='ltr'>vi</span> <span class='ocrx_word' id='word_1_159' title='bbox 567 1916 809 1995; x_wconf 69' lang='lat' dir='ltr'>oppugnabatur.</span> <span class='ocrx_word' id='word_1_160' title='bbox 843 1913 961 1978; x_wconf 72' lang='lat' dir='ltr'>ttvttas</span> <span class='ocrx_word' id='word_1_161' title='bbox 975 1907 1012 1978; x_wconf 65' lang='lat' dir='ltr'>eit*</span> <span class='ocrx_word' id='word_1_162' title='bbox 1026 1913 1115 1994; x_wconf 69' lang='lat' dir='ltr'>ldngb</span> <span class='ocrx_word' id='word_1_163' title='bbox 1124 1913 1157 1969; x_wconf 58' lang='lat' dir='ltr'>a</span> 
     </span>
     <span class='ocr_line' id='line_1_22' title="bbox 213 1994 1114 2076; baseline -0.001 -20"><span class='ocrx_word' id='word_1_164' title='bbox 213 1994 441 2075; x_wconf 88' lang='lat' dir='ltr'>opulentissima</span> <span class='ocrx_word' id='word_1_165' title='bbox 462 1995 544 2069; x_wconf 81' lang='lat' dir='ltr'>ultra</span> <span class='ocrx_word' id='word_1_166' title='bbox 566 1995 718 2056; x_wconf 85' lang='lat' dir='ltr'>Hiberum</span> <span class='ocrx_word' id='word_1_167' title='bbox 740 1997 810 2070; x_wconf 81' lang='lat' dir='ltr'>fuit,</span> <span class='ocrx_word' id='word_1_168' title='bbox 824 1998 883 2058; x_wconf 90' lang='lat' dir='ltr'>sita</span> <span class='ocrx_word' id='word_1_169' title='bbox 904 2017 1009 2076; x_wconf 87' lang='lat' dir='ltr'>passus</span> <span class='ocrx_word' id='word_1_170' title='bbox 1030 1995 1114 2056; x_wconf 90' lang='lat' dir='ltr'>mille</span> 
     </span>
     <span class='ocr_line' id='line_1_23' title="bbox 213 2075 1122 2156; baseline -0.002 -20"><span class='ocrx_word' id='word_1_171' title='bbox 213 2075 340 2136; x_wconf 78' lang='lat' dir='ltr'>sermea</span> <span class='ocrx_word' id='word_1_172' title='bbox 354 2076 440 2134; x_wconf 90' lang='lat' dir='ltr'>mari.</span> <span class='ocrx_word' id='word_1_173' title='bbox 469 2075 614 2136; x_wconf 78' lang='lat' dir='ltr'>‹Oriundi</span> <span class='ocrx_word' id='word_1_174' title='bbox 633 2098 652 2136; x_wconf 88' lang='lat' dir='ltr'>a</span> <span class='ocrx_word' id='word_1_175' title='bbox 669 2078 826 2156; x_wconf 82' lang='lat' dir='ltr'>Zacyntho</span> <span class='ocrx_word' id='word_1_176' title='bbox 844 2078 946 2138; x_wconf 85' lang='lat' dir='ltr'>insula</span> <span class='ocrx_word' id='word_1_177' title='bbox 960 2078 1122 2148; x_wconf 73' lang='lat' dir='ltr'>dicuntur,</span> 
     </span>
     <span class='ocr_line' id='line_1_24' title="bbox 213 2140 1120 2238; baseline 0.002 -22"><span class='ocrx_word' id='word_1_178' title='bbox 213 2156 364 2234; x_wconf 81' lang='lat' dir='ltr'>mixtique</span> <span class='ocrx_word' id='word_1_179' title='bbox 374 2155 467 2214; x_wconf 85' lang='lat' dir='ltr'>etiam</span> <span class='ocrx_word' id='word_1_180' title='bbox 478 2154 518 2215; x_wconf 91' lang='lat' dir='ltr'>ab</span> <span class='ocrx_word' id='word_1_181' title='bbox 528 2156 632 2216; x_wconf 86' lang='lat' dir='ltr'>Ardea</span> <span class='ocrx_word' id='word_1_182' title='bbox 645 2158 831 2238; x_wconf 67' lang='lat' dir='ltr'>Rirttrlqr&#39;upn</span> <span class='ocrx_word' id='word_1_183' title='bbox 844 2159 968 2238; x_wconf 88' lang='lat' dir='ltr'>quidam</span> <span class='ocrx_word' id='word_1_184' title='bbox 983 2157 1100 2237; x_wconf 87' lang='lat' dir='ltr'>generis</span> <span class='ocrx_word' id='word_1_185' title='bbox 1107 2140 1120 2228; x_wconf 86' lang='lat' dir='ltr'>;l</span> 
     </span>
     <span class='ocr_line' id='line_1_25' title="bbox 214 2219 1118 2318; baseline -0.002 -20"><span class='ocrx_word' id='word_1_186' title='bbox 214 2245 347 2298; x_wconf 85' lang='lat' dir='ltr'>ceterum</span> <span class='ocrx_word' id='word_1_187' title='bbox 362 2235 394 2294; x_wconf 89' lang='lat' dir='ltr'>in</span> <span class='ocrx_word' id='word_1_188' title='bbox 409 2244 509 2296; x_wconf 87' lang='lat' dir='ltr'>tantas</span> <span class='ocrx_word' id='word_1_189' title='bbox 525 2235 607 2297; x_wconf 88' lang='lat' dir='ltr'>brevi</span> <span class='ocrx_word' id='word_1_190' title='bbox 625 2227 783 2315; x_wconf 66' lang='lat' dir='ltr'>aeteram</span> <span class='ocrx_word' id='word_1_191' title='bbox 798 2237 867 2318; x_wconf 72' lang='lat' dir='ltr'>dhes</span> <span class='ocrx_word' id='word_1_192' title='bbox 886 2259 937 2299; x_wconf 89' lang='lat' dir='ltr'>seu</span> <span class='ocrx_word' id='word_1_193' title='bbox 953 2219 1118 2298; x_wconf 73' lang='lat' dir='ltr'>maritimis&#39;</span> 
     </span>
     <span class='ocr_line' id='line_1_26' title="bbox 161 2315 1116 2384; baseline 0.001 -7"><span class='ocrx_word' id='word_1_194' title='bbox 161 2323 200 2384; x_wconf 78' lang='grc'>25</span> <span class='ocrx_word' id='word_1_195' title='bbox 214 2336 266 2378; x_wconf 85' lang='lat' dir='ltr'>seu</span> <span class='ocrx_word' id='word_1_196' title='bbox 280 2315 473 2376; x_wconf 83' lang='lat' dir='ltr'>terrestribus</span> <span class='ocrx_word' id='word_1_197' title='bbox 487 2318 635 2378; x_wconf 85' lang='lat' dir='ltr'>fructibus</span> <span class='ocrx_word' id='word_1_198' title='bbox 649 2339 700 2380; x_wconf 88' lang='lat' dir='ltr'>seu</span> <span class='ocrx_word' id='word_1_199' title='bbox 713 2320 919 2379; x_wconf 89' lang='lat' dir='ltr'>multitudinis</span> <span class='ocrx_word' id='word_1_200' title='bbox 931 2319 1116 2378; x_wconf 89' lang='lat' dir='ltr'>incremento</span> 
     </span>
     <span class='ocr_line' id='line_1_27' title="bbox 214 2396 1116 2480; baseline 0 -22"><span class='ocrx_word' id='word_1_201' title='bbox 214 2417 265 2458; x_wconf 85' lang='lat' dir='ltr'>seu</span> <span class='ocrx_word' id='word_1_202' title='bbox 280 2396 460 2474; x_wconf 86' lang='lat' dir='ltr'>disciplinae</span> <span class='ocrx_word' id='word_1_203' title='bbox 479 2400 649 2471; x_wconf 84' lang='lat' dir='ltr'>sanctitate,</span> <span class='ocrx_word' id='word_1_204' title='bbox 666 2421 726 2480; x_wconf 89' lang='lat' dir='ltr'>qua</span> <span class='ocrx_word' id='word_1_205' title='bbox 748 2400 838 2464; x_wconf 83' lang='lat' dir='ltr'>iidem</span> <span class='ocrx_word' id='word_1_206' title='bbox 859 2399 1000 2477; x_wconf 82' lang='lat' dir='ltr'>socialem</span> <span class='ocrx_word' id='word_1_207' title='bbox 1022 2417 1116 2478; x_wconf 88' lang='lat' dir='ltr'>usque</span> 
     </span>
     <span class='ocr_line' id='line_1_28' title="bbox 215 2477 1000 2556; baseline 0 -18"><span class='ocrx_word' id='word_1_208' title='bbox 215 2478 255 2538; x_wconf 86' lang='lat' dir='ltr'>ad</span> <span class='ocrx_word' id='word_1_209' title='bbox 270 2477 432 2556; x_wconf 85' lang='lat' dir='ltr'>perniciem</span> <span class='ocrx_word' id='word_1_210' title='bbox 448 2497 533 2536; x_wconf 90' lang='lat' dir='ltr'>suam</span> <span class='ocrx_word' id='word_1_211' title='bbox 549 2479 716 2542; x_wconf 90' lang='lat' dir='ltr'>coluerunt.</span> <span class='ocrx_word' id='word_1_212' title='bbox 988 2486 1000 2530; x_wconf 64' lang='grc' dir='ltr'><strong><em>Υ</em></strong></span> 
     </span>
     <span class='ocr_line' id='line_1_29' title="bbox 257 2556 1117 2644; baseline 0.005 -26"><span class='ocrx_word' id='word_1_213' title='bbox 257 2556 416 2618; x_wconf 88' lang='lat' dir='ltr'>Hannibal</span> <span class='ocrx_word' id='word_1_214' title='bbox 439 2558 546 2618; x_wconf 85' lang='lat' dir='ltr'>infesto</span> <span class='ocrx_word' id='word_1_215' title='bbox 567 2561 704 2622; x_wconf 83' lang='lat' dir='ltr'>exercitu</span> <span class='ocrx_word' id='word_1_216' title='bbox 728 2562 879 2638; x_wconf 85' lang='lat' dir='ltr'>ingressus</span> <span class='ocrx_word' id='word_1_217' title='bbox 900 2561 977 2644; x_wconf 74' lang='lat' dir='ltr'>finis,</span> <span class='ocrx_word' id='word_1_218' title='bbox 999 2579 1117 2642; x_wconf 84' lang='lat' dir='ltr'>pervas-</span> 
     </span>
     <span class='ocr_line' id='line_1_30' title="bbox 216 2638 1117 2720; baseline 0.002 -22"><span class='ocrx_word' id='word_1_219' title='bbox 216 2638 287 2698; x_wconf 88' lang='lat' dir='ltr'>tatis</span> <span class='ocrx_word' id='word_1_220' title='bbox 302 2638 411 2716; x_wconf 87' lang='lat' dir='ltr'>passim</span> <span class='ocrx_word' id='word_1_221' title='bbox 427 2638 516 2717; x_wconf 84' lang='lat' dir='ltr'>agris,</span> <span class='ocrx_word' id='word_1_222' title='bbox 534 2639 639 2700; x_wconf 89' lang='lat' dir='ltr'>urbem</span> <span class='ocrx_word' id='word_1_223' title='bbox 653 2642 806 2720; x_wconf 87' lang='lat' dir='ltr'>tripertito</span> <span class='ocrx_word' id='word_1_224' title='bbox 824 2639 1011 2720; x_wconf 85' lang='lat' dir='ltr'>adgreditur.</span> <span class='ocrx_word' id='word_1_225' title='bbox 1053 2641 1117 2701; x_wconf 88' lang='lat' dir='ltr'>An-</span> 
     </span>
     <span class='ocr_line' id='line_1_31' title="bbox 163 2717 1118 2802; baseline 0.003 -25"><span class='ocrx_word' id='word_1_226' title='bbox 163 2723 202 2785; x_wconf 85' lang='lat'>30</span> <span class='ocrx_word' id='word_1_227' title='bbox 216 2718 306 2800; x_wconf 87' lang='lat' dir='ltr'>gulus</span> <span class='ocrx_word' id='word_1_228' title='bbox 325 2718 404 2777; x_wconf 88' lang='lat' dir='ltr'>muri</span> <span class='ocrx_word' id='word_1_229' title='bbox 415 2729 488 2778; x_wconf 90' lang='lat' dir='ltr'>erat</span> <span class='ocrx_word' id='word_1_230' title='bbox 509 2721 540 2779; x_wconf 91' lang='lat' dir='ltr'>in</span> <span class='ocrx_word' id='word_1_231' title='bbox 561 2720 729 2800; x_wconf 89' lang='lat' dir='ltr'>planiorem</span> <span class='ocrx_word' id='word_1_232' title='bbox 744 2717 1011 2802; x_wconf 88' lang='lat' dir='ltr'>patentioremque,</span> <span class='ocrx_word' id='word_1_233' title='bbox 1027 2741 1118 2800; x_wconf 88' lang='lat' dir='ltr'>quam</span> 
     </span>
     <span class='ocr_line' id='line_1_32' title="bbox 217 2799 1118 2880; baseline 0 -20"><span class='ocrx_word' id='word_1_234' title='bbox 217 2808 317 2860; x_wconf 85' lang='lat' dir='ltr'>cetera</span> <span class='ocrx_word' id='word_1_235' title='bbox 344 2799 434 2871; x_wconf 86' lang='lat' dir='ltr'>circa,</span> <span class='ocrx_word' id='word_1_236' title='bbox 457 2799 569 2861; x_wconf 87' lang='lat' dir='ltr'>vallem</span> <span class='ocrx_word' id='word_1_237' title='bbox 591 2821 737 2880; x_wconf 84' lang='lat' dir='ltr'>vergens;</span> <span class='ocrx_word' id='word_1_238' title='bbox 759 2801 902 2862; x_wconf 84' lang='lat' dir='ltr'>adversus</span> <span class='ocrx_word' id='word_1_239' title='bbox 923 2823 992 2862; x_wconf 91' lang='lat' dir='ltr'>eum</span> <span class='ocrx_word' id='word_1_240' title='bbox 1014 2803 1118 2861; x_wconf 86' lang='lat' dir='ltr'>vineas</span> 
     </span>
     <span class='ocr_line' id='line_1_33' title="bbox 216 2878 1119 2960; baseline 0 -20"><span class='ocrx_word' id='word_1_241' title='bbox 216 2897 305 2959; x_wconf 89' lang='lat' dir='ltr'>agere</span> <span class='ocrx_word' id='word_1_242' title='bbox 330 2878 471 2952; x_wconf 83' lang='lat' dir='ltr'>instituit,</span> <span class='ocrx_word' id='word_1_243' title='bbox 496 2901 548 2960; x_wconf 83' lang='lat' dir='ltr'>per</span> <span class='ocrx_word' id='word_1_244' title='bbox 573 2901 648 2960; x_wconf 86' lang='lat' dir='ltr'>quas</span> <span class='ocrx_word' id='word_1_245' title='bbox 673 2883 751 2941; x_wconf 88' lang='lat' dir='ltr'>aries</span> <span class='ocrx_word' id='word_1_246' title='bbox 779 2883 935 2944; x_wconf 83' lang='lat' dir='ltr'>moenibus</span> <span class='ocrx_word' id='word_1_247' title='bbox 963 2881 1119 2944; x_wconf 87' lang='lat' dir='ltr'>admoveri</span> 
     </span>
     <span class='ocr_line' id='line_1_34' title="bbox 217 2959 1119 3042; baseline 0.002 -24"><span class='ocrx_word' id='word_1_248' title='bbox 217 2967 324 3040; x_wconf 87' lang='lat' dir='ltr'>posset.</span> <span class='ocrx_word' id='word_1_249' title='bbox 366 2959 426 3020; x_wconf 79' lang='lat' dir='ltr'>Sed</span> <span class='ocrx_word' id='word_1_250' title='bbox 442 2969 476 3022; x_wconf 92' lang='lat' dir='ltr'>nt</span> <span class='ocrx_word' id='word_1_251' title='bbox 491 2962 573 3022; x_wconf 89' lang='lat' dir='ltr'>locus</span> <span class='ocrx_word' id='word_1_252' title='bbox 591 2962 694 3040; x_wconf 90' lang='lat' dir='ltr'>procul</span> <span class='ocrx_word' id='word_1_253' title='bbox 710 2983 796 3022; x_wconf 85' lang='lat' dir='ltr'>muro</span> <span class='ocrx_word' id='word_1_254' title='bbox 810 2964 1012 3042; x_wconf 85' lang='lat' dir='ltr'>satis-aequus</span> <span class='ocrx_word' id='word_1_255' title='bbox 1031 2982 1119 3039; x_wconf 86' lang='lat' dir='ltr'>agen·</span> 
     </span>
     <span class='ocr_line' id='line_1_35' title="bbox 217 3039 1120 3122; baseline 0.002 -22"><span class='ocrx_word' id='word_1_256' title='bbox 217 3040 264 3101; x_wconf 87' lang='lat' dir='ltr'>dis</span> <span class='ocrx_word' id='word_1_257' title='bbox 278 3039 375 3099; x_wconf 87' lang='lat' dir='ltr'>vineis</span> <span class='ocrx_word' id='word_1_258' title='bbox 394 3039 463 3114; x_wconf 85' lang='lat' dir='ltr'>fuit,</span> <span class='ocrx_word' id='word_1_259' title='bbox 478 3043 522 3102; x_wconf 88' lang='lat' dir='ltr'>ita</span> <span class='ocrx_word' id='word_1_260' title='bbox 544 3042 774 3121; x_wconf 83' lang='lat' dir='ltr'>hautquaquam</span> <span class='ocrx_word' id='word_1_261' title='bbox 795 3063 944 3121; x_wconf 84' lang='lat' dir='ltr'>prospere,</span> <span class='ocrx_word' id='word_1_262' title='bbox 960 3054 1120 3122; x_wconf 85' lang='lat' dir='ltr'>postquam</span> 
     </span>
     <span class='ocr_line' id='line_1_36' title="bbox 130 3119 1119 3200; baseline -0.002 -16"><span class='ocrx_word' id='word_1_263' title='bbox 130 3177 133 3184; x_wconf 91' lang='lat'>.</span> <span class='ocrx_word' id='word_1_264' title='bbox 165 3123 203 3183; x_wconf 85' lang='lat'>35</span> <span class='ocrx_word' id='word_1_265' title='bbox 218 3120 258 3180; x_wconf 90' lang='lat' dir='ltr'>ad</span> <span class='ocrx_word' id='word_1_266' title='bbox 282 3119 421 3180; x_wconf 84' lang='lat' dir='ltr'>effectum</span> <span class='ocrx_word' id='word_1_267' title='bbox 446 3123 544 3200; x_wconf 90' lang='lat' dir='ltr'>operis</span> <span class='ocrx_word' id='word_1_268' title='bbox 566 3134 692 3182; x_wconf 89' lang='lat' dir='ltr'>ventum</span> <span class='ocrx_word' id='word_1_269' title='bbox 716 3124 904 3200; x_wconf 72' lang='lat' dir='ltr'>catenoplia</span> <span class='ocrx_word' id='word_1_270' title='bbox 929 3121 1119 3184; x_wconf 83' lang='lat' dir='ltr'>succedebat.</span> 
     </span>
     <span class='ocr_line' id='line_1_37' title="bbox 218 3201 1121 3280; baseline -0.001 -19"><span class='ocrx_word' id='word_1_271' title='bbox 218 3201 261 3261; x_wconf 87' lang='lat' dir='ltr'>Et</span> <span class='ocrx_word' id='word_1_272' title='bbox 280 3201 373 3260; x_wconf 87' lang='lat' dir='ltr'>turris</span> <span class='ocrx_word' id='word_1_273' title='bbox 396 3201 500 3278; x_wconf 86' lang='lat' dir='ltr'>ingens</span> <span class='ocrx_word' id='word_1_274' title='bbox 521 3201 699 3272; x_wconf 85' lang='lat' dir='ltr'>inminebat,</span> <span class='ocrx_word' id='word_1_275' title='bbox 715 3213 745 3260; x_wconf 89' lang='lat' dir='ltr'>et</span> <span class='ocrx_word' id='word_1_276' title='bbox 760 3223 873 3274; x_wconf 86' lang='lat' dir='ltr'>murus,</span> <span class='ocrx_word' id='word_1_277' title='bbox 889 3212 923 3262; x_wconf 93' lang='lat' dir='ltr'>nt</span> <span class='ocrx_word' id='word_1_278' title='bbox 936 3203 966 3260; x_wconf 92' lang='lat' dir='ltr'>in</span> <span class='ocrx_word' id='word_1_279' title='bbox 982 3215 1121 3280; x_wconf 78' lang='lat' dir='ltr'>suspecto</span> 
     </span>
     <span class='ocr_line' id='line_1_38' title="bbox 218 3280 1120 3358; baseline 0 -16"><span class='ocrx_word' id='word_1_280' title='bbox 218 3280 295 3353; x_wconf 88' lang='lat' dir='ltr'>loco,</span> <span class='ocrx_word' id='word_1_281' title='bbox 309 3299 402 3358; x_wconf 89' lang='lat' dir='ltr'>snpra</span> <span class='ocrx_word' id='word_1_282' title='bbox 416 3291 532 3340; x_wconf 87' lang='lat' dir='ltr'>ceterae</span> <span class='ocrx_word' id='word_1_283' title='bbox 547 3281 668 3340; x_wconf 90' lang='lat' dir='ltr'>modum</span> <span class='ocrx_word' id='word_1_284' title='bbox 685 3281 858 3340; x_wconf 78' lang='lat' dir='ltr'>altitudinis</span> <span class='ocrx_word' id='word_1_285' title='bbox 873 3283 1025 3341; x_wconf 83' lang='lat' dir='ltr'>emunitus</span> <span class='ocrx_word' id='word_1_286' title='bbox 1046 3285 1120 3354; x_wconf 70' lang='lat' dir='ltr'>erat,</span> 
     </span>
     <span class='ocr_line' id='line_1_39' title="bbox 218 3360 1122 3441; baseline 0 -21"><span class='ocrx_word' id='word_1_287' title='bbox 218 3370 249 3420; x_wconf 91' lang='lat' dir='ltr'>et</span> <span class='ocrx_word' id='word_1_288' title='bbox 259 3362 405 3441; x_wconf 87' lang='lat' dir='ltr'>juventus</span> <span class='ocrx_word' id='word_1_289' title='bbox 420 3360 547 3432; x_wconf 87' lang='lat' dir='ltr'>delecta,</span> <span class='ocrx_word' id='word_1_290' title='bbox 563 3361 615 3420; x_wconf 89' lang='lat' dir='ltr'>uhi</span> <span class='ocrx_word' id='word_1_291' title='bbox 630 3361 796 3440; x_wconf 89' lang='lat' dir='ltr'>plurimum</span> <span class='ocrx_word' id='word_1_292' title='bbox 813 3363 942 3440; x_wconf 87' lang='lat' dir='ltr'>periculi·</span> <span class='ocrx_word' id='word_1_293' title='bbox 955 3385 989 3421; x_wconf 68' lang='lat' dir='ltr'>aa</span> <span class='ocrx_word' id='word_1_294' title='bbox 1007 3361 1122 3420; x_wconf 85' lang='lat' dir='ltr'>timoris</span> 
     </span>
     <span class='ocr_line' id='line_1_40' title="bbox 219 3439 1121 3562; baseline -0.001 -61"><span class='ocrx_word' id='word_1_295' title='bbox 219 3439 445 3512; x_wconf 88' lang='lat' dir='ltr'>ostendebatur,</span> <span class='ocrx_word' id='word_1_296' title='bbox 467 3439 510 3500; x_wconf 92' lang='lat' dir='ltr'>ibi</span> <span class='ocrx_word' id='word_1_297' title='bbox 531 3439 563 3501; x_wconf 93' lang='lat' dir='ltr'>vi</span> <span class='ocrx_word' id='word_1_298' title='bbox 583 3441 698 3519; x_wconf 87' lang='lat' dir='ltr'>majore</span> <span class='ocrx_word' id='word_1_299' title='bbox 717 3441 935 3562; x_wconf 46' lang='lat' dir='ltr'>obsistebanty,</span> <span class='ocrx_word' id='word_1_300' title='bbox 958 3441 1001 3525; x_wconf 74' lang='lat' dir='ltr'>nc·</span> <span class='ocrx_word' id='word_1_301' title='bbox 1023 3439 1121 3522; x_wconf 76' lang='lat' dir='ltr'>primo</span> 
     </span>
    </p>
   </div>
   <div class='ocr_carea' id='block_1_3' title="bbox 1268 2039 1270 2116">
    <p class='ocr_par' dir='ltr' id='par_1_3' title="bbox 1268 2039 1270 2116">
     <span class='ocr_line' id='line_1_41' title="bbox 1268 2039 1270 2116; baseline 0 -8"><span class='ocrx_word' id='word_1_302' title='bbox 1268 2039 1270 2116; x_wconf 85' lang='lat' dir='ltr'>l</span> 
     </span>
    </p>
   </div>
   <div class='ocr_carea' id='block_1_4' title="bbox 0 0 1310 3782">
    <p class='ocr_par' dir='ltr' id='par_1_4' title="bbox 0 0 1310 3782">
     <span class='ocr_line' id='line_1_42' title="bbox 0 0 1310 3782; baseline 0 0"><span class='ocrx_word' id='word_1_303' title='bbox 0 0 1310 3782; x_wconf 95' lang='lat' dir='ltr'> </span> 
     </span>
    </p>
   </div>
  </div>
 </body>
</html>
