2520 3784
416 263 421 270 -
445 237 577 286 uranu
602 236 627 302 1,
654 220 707 284 26.
897 274 900 282 ,
1031 219 1076 286 4³

154 393 291 459 Romani
302 401 426 457 ovantes
441 414 477 454 ac
488 392 677 472 gratulantes
687 391 855 454 Horatium
866 392 1023 472 accipiunt

116 499 151 540 eo
165 478 281 556 majore
296 495 365 535 cum
380 473 501 553 gaudio,
517 493 576 552 quc
595 493 689 552 prope
710 482 825 534 metum
846 494 892 534 res
913 475 1021 536 fuerat

116 559 170 620 Ad
197 555 388 636 sepulturam
419 554 491 614 inde
524 573 649 614 suorum
676 573 870 632 nequaquam
892 553 1025 632 paribus

117 638 229 698 animis
244 643 415 707 vertuntur,
430 634 543 713 quippe
564 633 692 710 irnperio
712 633 802 692 elteri
823 633 916 708 aucti,
934 633 1024 696 alteri

118 717 247 780 dicionis
268 715 387 776 alienae
401 714 484 774 facti.
527 711 673 792 Sepulcra
694 721 877 792 extantque
898 715 1024 794 quisque
1058 713 1078 774 b

119 797 187 860 loco
208 796 328 869 cecidit,
346 794 408 856 duo
429 794 569 854 Romana
590 813 651 854 uno
672 791 739 854 loco
760 794 884 873 propius
899 795 1025 866 Albam,

119 879 181 939 tria
195 876 322 937 Albana
342 875 472 936 Romam
486 893 600 947 versus,
615 873 667 934 sed
682 873 828 936 distantia
841 874 924 947 locis,
939 885 975 936 ut
993 885 1025 936 et

119 965 292 1098 puffllli
305 966 516 1116 uepriusquam
544 1034 616 1096 inde
644 990 885 1114 digrederentur,
905 1036 1027 1116 roganti

120 1118 242 1190 Mettio,
256 1137 296 1177 ex
313 1116 432 1178 foedere
449 1117 510 1176 icto
529 1115 603 1194 quid
623 1115 795 1194 imperaret,
809 1116 940 1196 imperat
954 1116 1025 1178 Tul·
1041 1115 1080 1178 10

120 1200 178 1272 lus,
189 1198 235 1258 uti
244 1199 437 1277 juventutem
448 1196 482 1255 in
493 1196 586 1256 armis
597 1195 726 1268 habeat3
742 1217 867 1258 usurum
880 1218 912 1257 se
922 1217 1030 1258 comm

120 1279 258 1360 opera,si
273 1277 388 1337 bellum
403 1296 473 1336 oum
483 1276 666 1337 Veientibus
680 1277 767 1338 foret.
810 1276 861 1337 Ita
875 1279 1026 1340 exercitus

122 1360 194 1420 inde
214 1359 320 1419 domos
340 1357 475 1418 abducti.
518 1357 664 1436 Princeps
684 1357 833 1418 Horatius
847 1357 922 1431 ibat,
937 1359 1028 1437 trige-

122 1441 208 1500 mina
229 1437 328 1518 spolia
350 1457 423 1516 prae
445 1458 476 1498 sc
498 1458 622 1516 gerens;
651 1437 700 1497 cui
725 1458 808 1498 soror
828 1438 926 1518 virgo,
949 1457 1028 1518 quae

123 1519 272 1599 desponsa
293 1517 347 1578 uni
368 1538 407 1578 ex
425 1517 571 1578 Curiatiis
591 1517 701 1591 fuerat,
716 1517 808 1580 obvia
821 1528 892 1580 ante
906 1529 1026 1598 portam
1042 1515 1081 1578 15

123 1600 280 1680 Capenam
294 1598 362 1670 fuit,
378 1598 559 1676 cognitoque
579 1618 670 1676 super
688 1618 806 1659 umeros
822 1599 926 1660 fratris
935 1599 1027 1680 palu·

123 1681 268 1741 dumento
282 1679 392 1757 sponsi,
407 1678 488 1757 quod
503 1679 569 1756 ipsa
584 1678 763 1752 confecerat,
777 1679 870 1741 solvit
885 1681 982 1742 crines
995 1688 1028 1741 et

124 1760 269 1822 flebiliter
280 1758 402 1819 nomine
415 1779 558 1836 sponsum
573 1767 728 1818 mortuum
742 1759 887 1838 appellat.
922 1760 1029 1823 Movet

125 1841 219 1902 feroci
236 1838 345 1920 juveni
366 1839 502 1898 animum
525 1837 715 1918 conploratio
729 1841 837 1900 sororis
852 1840 884 1900 in
899 1841 1029 1902 victoria

125 1941 181 1982 sua
197 1929 344 1998 tantoque
357 1919 469 1998 gaudio
484 1918 615 1998 publico.
658 1919 770 1980 Strioto
790 1920 894 2000 itaque
914 1921 1027 2002 gladio,
1043 1919 1084 1982 20

126 2001 219 2062 simul
248 2000 348 2061 verbis
375 2000 543 2078 increpans,
572 2000 724 2078 transfigit
752 2001 895 2078 puellam.
937 2001 1030 2062 “Abi

127 2082 200 2141 hinc
228 2101 299 2141 cum
325 2080 480 2140 inmaturo
507 2083 609 2140 amore
643 2080 682 2139 ad
717 2082 888 2159 sponsum,”
918 2082 1027 2161 inquit,

129 2161 255 2222 “oblita
274 2161 404 2220 fratrum
425 2170 614 2221 mortuorum
632 2160 766 2239 vivique,
786 2162 883 2222 oblita
902 2163 1028 2242 patriae.

128 2241 179 2302 Sic
194 2250 253 2314 eat,
267 2260 475 2319 quaecumque
491 2240 632 2300 Romana
645 2240 763 2318 lugebit
777 2241 922 2303 hostem.’'

168 2321 272 2382 Atrox
300 2321 398 2381 visum
426 2320 459 2379 id
486 2321 605 2380 facinus
632 2320 771 2399 patribus
798 2322 949 2403 plebique,
977 2322 1030 2384 sed
1045 2320 1084 2382 25

129 2421 233 2463 recens
247 2401 388 2462 meritum
403 2401 484 2461 facto
499 2400 647 2462 obstabat.
689 2400 805 2462 Tamen
819 2413 924 2483 raptus
937 2404 970 2464 in
980 2405 1033 2484 jus

129 2482 170 2542 ad
191 2502 301 2561 regem.
344 2481 422 2555 Rex,
439 2501 476 2540 ne
501 2481 564 2560 ipse
587 2490 650 2542 tam
677 2482 770 2543 tristis
794 2484 967 2563 ingratique
989 2483 1031 2546 ad

129 2560 242 2641 vulgus
252 2561 362 2643 judicii
377 2582 413 2621 ac
426 2561 590 2622 secundum
602 2561 753 2641 judicium
768 2564 912 2644 supplicii
925 2574 1034 2636 auctor

129 2652 215 2716 esset,
230 2641 358 2703 concilio
373 2640 478 2720 populi
499 2641 658 2715 aduocato,
673 2647 690 2672 “
700 2642 906 2718 duumviros,”
921 2644 952 2705 in
976 2646 1032 2719 uit,

130 2723 212 2804 “qui
246 2722 377 2782 Horatio
410 2721 651 2802 perduellionem
680 2722 829 2802 judicent,
864 2745 934 2786 secu
981 2747 1033 2788 um
1047 2725 1088 2788 30

129 2803 228 2881 legem
248 2801 355 2864 sacio.”

171 2883 239 2944 Lex
260 2881 403 2943 horrendi
425 2882 566 2942 carminis
587 2891 670 2944 erat:
693 2883 878 2947 “duumviri
898 2886 1034 2967 perduel-

130 2964 243 3024 lionem
258 2964 414 3043 judicent;
436 2963 461 3022 si
476 2983 495 3021 a
509 2963 679 3024 duumviris
693 2968 877 3043 provocarit,
891 2989 1033 3046 provoca·

131 3045 213 3105 tione
241 3052 372 3114 certato;
402 3042 427 3101 si
457 3043 592 3114 vincent,
619 3055 712 3123 caput
740 3046 896 3121 obnubito,
917 3049 1034 3110 infelici

131 3124 233 3184 arbori
248 3133 326 3184 reste
339 3123 523 3202 suspendite,
533 3124 692 3185 verberato
704 3125 753 3186 vel
768 3127 852 3187 intra
865 3130 1035 3207 pomerium
1049 3125 1088 3188 35

131 3204 181 3266 vel
196 3213 285 3264 extra
299 3203 497 3283 pomerium.'’
539 3202 610 3264 Hac
620 3204 687 3283 lege
698 3205 854 3268 duumviri
870 3209 973 3282 creati,
981 3209 1037 3288 qui

132 3303 163 3344 se
176 3284 334 3346 absolvere
348 3304 409 3343 non
423 3283 570 3343 rebantur
590 3304 627 3343 ea
647 3284 713 3363 lege
734 3307 772 3346 ne
791 3287 953 3347 innoxium
971 3290 1036 3367 qui·

132 3365 201 3425 dem
229 3385 325 3443 posse,
346 3384 416 3426 cum
444 3363 701 3435 condemnassent,
722 3373 789 3424 tum
816 3366 894 3426 alter
921 3386 960 3425 cx
987 3367 1035 3426 his

133 3449 151 3477 “
161 3443 258 3506 Publi
278 3443 401 3517 Horati,
423 3441 481 3512 tibi
503 3443 743 3524 perduellionem
766 3443 900 3521 judico''
925 3443 1036 3522 inqua
