2520 3784
445 234 577 281 urana
602 233 628 300 1,
656 217 785 283 20-21.
1069 219 1112 288 37

156 395 310 459 antistites
330 399 436 465 essent,
458 391 643 470 stipendium
664 391 702 450 de
722 390 847 470 publico
867 390 984 466 statuit,
999 392 1060 456 vir·

154 478 286 558 ginitate
308 475 438 552 aliisque
458 472 649 533 caerimoniis
669 471 857 535 venerabiles
880 493 917 534 ac
940 483 1060 536 mactas

155 561 236 622 fecit.

195 641 295 702 Salios
310 641 383 701 item
398 638 558 699 duodecim
574 636 669 698 Marti
680 636 819 700 Gradivo
834 637 918 718 legit,
926 638 1061 700 tunicae·

154 741 213 801 que
234 721 336 802 pictae
357 721 475 798 insigne
497 718 582 778 dedit
605 728 636 779 et
659 738 750 798 super
773 719 910 779 tunicam
932 739 1059 780 aeneum
1093 719 1114 779 5

152 802 268 882 pectori
298 811 458 880 tegumen;
488 799 689 878 caelestiaque
717 819 812 872 arma,
841 819 919 878 quae
945 799 1059 860 ancilia

153 883 359 962 appellantur,
374 882 452 942 ferre
467 901 502 940 ac
517 900 572 959 per
587 879 693 940 urbem
708 881 753 940 irc
767 889 907 940 canentes
923 879 1060 941 carmina

153 985 222 1025 cum
238 963 382 1042 tripudiis
397 961 598 1040 sollemnique
613 960 728 1021 saltatu
738 961 838 1040 jussit.

193 1044 374 1106 Pontificem
389 1043 498 1104 deinde
514 1041 649 1101 Numam
664 1042 826 1117 Marcium,
836 1043 935 1105 Marci
950 1043 1058 1119 lilium,

152 1145 191 1185 ex
213 1125 353 1205 patribus
375 1125 459 1205 legit,
481 1124 568 1203 eique
594 1143 681 1184 sacra
706 1123 808 1183 omnia
831 1124 983 1204 exscripta
1007 1123 1113 1186 err-10

150 1206 332 1286 signataque
346 1205 495 1277 attribuit,
509 1205 620 1285 quibus
636 1204 750 1278 hostiis,
766 1205 877 1283 quibus
891 1205 1006 1279 diebus,
1017 1205 1057 1266 ad

150 1306 230 1364 quae
243 1286 359 1366 templa
372 1307 459 1347 sacra
473 1285 588 1359 fierent,
605 1295 697 1364 atque
712 1285 793 1345 unde
806 1286 839 1345 in
854 1307 903 1346 eos
918 1297 1058 1365 sumptus

149 1368 283 1445 pecunia
303 1375 485 1447 erogaretur.
528 1368 637 1428 Cetera
662 1387 780 1446 quoque
805 1367 908 1427 omnia
932 1366 1057 1446 publica

148 1448 333 1527 privataque
356 1469 443 1509 sacra
468 1447 619 1528 pontificis
644 1447 727 1508 scitis
754 1448 891 1526 subjecit,
913 1456 949 1507 ut
971 1456 1056 1522 esset,

148 1546 209 1606 quo
234 1527 408 1588 consultum
432 1527 534 1608 plebes
558 1529 687 1602 veniret,
709 1549 747 1589 ue
768 1528 842 1608 quid
863 1528 962 1589 divini
978 1526 1110 1608 juris15

149 1609 337 1688 neglegendo
362 1609 475 1688 patrios
500 1609 576 1670 ritus
604 1610 837 1688 peregrinosque
860 1608 1055 1670 adsciscendo

147 1690 341 1760 turbaretur;
356 1709 411 1750 nec
426 1689 567 1750 caelestes
581 1690 672 1750 modo
689 1690 895 1762 caerimonias,
909 1689 961 1750 sed
971 1690 1056 1769 justa

148 1790 269 1849 quoque
289 1769 430 1830 funebria
451 1769 677 1849 placandosque
693 1790 796 1830 manos
811 1779 845 1830 ut
860 1770 941 1830 idem
956 1770 1055 1849 ponti·

147 1852 200 1910 fex
215 1852 361 1924 edoceret,
377 1870 514 1930 quaeque
527 1851 668 1930 prodigia
684 1850 865 1926 fulminibus
880 1850 980 1912 aliove
994 1870 1053 1930 quo

147 1931 216 1992 visu
239 1932 329 1992 missa
349 1931 573 2010 susciperentur
599 1941 690 2010 atque
713 1940 902 1992 curarentur.
944 1930 996 1991 Ad
1017 1951 1054 1992 ea
1068 1929 1107 1990 20

147 2011 300 2072 elicienda
323 2033 362 2073 ex
388 2011 538 2073 mentibus
564 2010 676 2072 divinis
695 2011 770 2074 «lovi
792 2011 893 2072 Elicio
914 2031 1000 2071 aram
1020 2011 1053 2071 in

147 2092 306 2154 Aventino
325 2093 450 2165 dicavit,
466 2090 616 2172 deumque
638 2092 792 2154 consuluit
814 2091 959 2172 auguriis,
974 2111 1053 2172 quae

147 2173 340 2252 suscipienda
353 2182 458 2234 essent.

187 2253 284 2314 XXI.
324 2253 377 2314 Ad
392 2253 467 2314 haec
483 2253 683 2316 consultanda
700 2254 954 2335 procurandaque
975 2253 1052 2316 mul·

146 2333 280 2394 titudine
291 2335 373 2394 omni
388 2333 448 2395 avi
462 2343 493 2395 et
507 2335 600 2396 armis
616 2356 771 2409 conversa,
780 2344 811 2396 et
824 2335 920 2395 animi
934 2335 1051 2414 aliquid
1066 2332 1105 2396 25

145 2414 264 2494 agendo
286 2414 426 2494 occupati
447 2427 544 2486 erant,
566 2424 597 2476 et
620 2416 747 2476 deorum
771 2415 893 2476 assidua
918 2416 1051 2479 insidens

146 2514 230 2569 cura,
252 2514 322 2555 cum
343 2495 486 2556 interesse
506 2496 596 2557 rebus
617 2496 760 2557 humanis
786 2496 914 2557 caeleste
937 2517 1050 2558 numen

145 2575 312 2648 videretur,
333 2595 369 2636 ea
393 2575 507 2655 pietate
529 2577 667 2637 omnium
688 2585 812 2658 pectora
832 2576 993 2650 imbuerat,
1016 2587 1051 2639 ut

145 2655 218 2716 fides
242 2677 279 2716 ac
299 2656 516 2736 jusjurandum
540 2657 681 2736 proximo
702 2657 805 2736 legum
826 2677 862 2718 ac
883 2677 1049 2737 poenarum

145 2745 228 2797 metu
243 2737 398 2796 civitatem
415 2746 562 2816 regerent.
605 2737 648 2798 Et
663 2758 732 2798 cum
748 2738 805 2817 ipsi
820 2757 851 2799 se
864 2737 1001 2798 hominos
1016 2739 1048 2798 in
1063 2737 1104 2799 30

144 2817 232 2895 regis,
257 2817 344 2878 velut
374 2817 456 2877 unici
485 2817 628 2896 exempli,
657 2838 755 2878 mores
782 2818 956 2892 formarent,
982 2827 1048 2879 tum

144 2895 277 2958 finitumi
299 2898 390 2958 etiam
412 2897 528 2976 populi,
544 2898 596 2976 qui
620 2907 710 2958 antea
733 2907 841 2970 castra,
859 2918 920 2958 non
941 2898 1048 2962 urbem

132 2979 274 3056 positam
299 2979 332 3037 in
356 2977 455 3037 medio
478 2977 517 3036 ad
540 2977 766 3039 sollicitandam
787 2978 924 3038 omnium
940 2999 1045 3057 pacem

144 3058 345 3130 crediderant,
369 3059 401 3116 in
426 3077 494 3117 eam
516 3059 733 3119 verecundiam
758 3058 886 3119 adducti
909 3068 989 3129 sunt,
1012 3068 1048 3120 ut

143 3138 299 3199 civitatem
324 3147 421 3199 totam
445 3137 478 3197 in
503 3138 622 3198 cultum
644 3159 764 3201 versam
786 3139 913 3200 deorum
932 3138 1047 3200 violare
1061 3138 1100 3198 35

142 3218 289 3280 ducerent
310 3219 402 3279 nefas.
627 3289 630 3294 1

180 3299 286 3360 Lucus
301 3307 375 3371 erat,
385 3319 475 3377 quem
485 3299 618 3359 medium
634 3320 673 3360 ex
687 3319 781 3378 opaco
795 3317 886 3377 specu
901 3297 968 3358 fons
981 3318 1045 3375 per-

141 3382 211 3441 enni
233 3379 357 3460 rigabat
377 3399 474 3458 aqua:
497 3399 556 3458 quo
571 3380 645 3458 quia
657 3399 689 3438 se
704 3397 845 3457 persaepe
859 3377 963 3436 Numa
980 3376 1045 3436 sine

142 3460 265 3524 arbitris
280 3459 421 3523 velutad
436 3479 629 3539 congressum
643 3459 718 3528 deae
731 3455 889 3528 inferebat,
904 3453 1044 3516 Camenis
