2520 3784
153 255 196 320 36
322 271 412 319 rrrr
439 265 535 321 nrvr
561 273 616 318 AB
642 270 757 320 vana
786 271 983 320 eorum

205 429 365 491 suetudine
393 439 487 502 ratus,
510 429 626 493 danum
647 430 688 490 ad
709 429 846 490 infimum
867 430 1041 510 Argiletum
1061 429 1110 490 in·

206 510 304 570 dicem
326 511 409 590 pacis
430 511 562 591 bellique
583 511 664 583 fecit,
679 521 801 589 apertus
822 511 909 570 utin
930 511 1023 570 armis
1044 531 1110 570 esse

207 591 372 662 civitatem,
387 591 506 650 clausus
521 600 644 669 pacatos
659 591 739 650 circa
753 611 856 650 omnes
871 590 999 669 populos
1017 590 1110 669 signi·

206 669 319 731 ficaret.
362 670 415 730 Bis
430 671 539 730 deiude
553 681 620 750 post
634 671 755 730 Numae
766 691 893 748 regnum
905 670 1024 730 clausus
1038 672 1108 743 fuit,

174 747 194 810 5
206 750 299 813 semel
313 750 347 810 Τ.
363 749 481 810 Manlio
497 751 619 811 consule
633 760 700 830 post
714 750 868 810 Punicum
889 751 1022 828 primum
1042 771 1110 830 per·

207 830 321 894 fectum
336 829 460 904 bellum,
475 831 595 904 iterum,
610 830 690 909 quod
712 840 832 890 nostrae
853 831 946 890 aetati
962 831 1004 890 dii
1020 830 1110 890 dede-

208 920 282 971 runt
294 919 329 970 ut
343 911 522 983 videremus,
544 921 611 990 post
632 909 746 970 bellum
767 911 941 984 Actiacum,
956 911 994 970 ab
1015 911 1109 990 impe·

208 1000 308 1054 ratore
322 990 452 1052 Caesare
466 991 607 1069 Augusto
621 1011 696 1070 pace
710 1001 792 1050 terra
806 991 942 1069 marique
956 1001 1052 1070 parta.

249 1070 359 1132 Clauso
373 1065 417 1144 ec,
427 1092 495 1131 cum
511 1071 646 1130 omnium
661 1071 742 1130 circa
753 1071 951 1130 finitimorum
965 1073 1110 1132 societate

156 1153 195 1212 10
209 1171 245 1212 ac
269 1151 439 1212 foederibus
457 1152 609 1230 junxisset
633 1150 760 1224 animos,
782 1151 886 1230 positis
911 1161 1109 1211 externorum

208 1231 413 1312 periculorum
434 1231 513 1292 curis
538 1252 576 1291 ne
600 1230 794 1290 luxuriarent
818 1231 879 1290 otio
904 1232 1008 1304 animi,
1034 1251 1109 1310 quos

208 1322 307 1372 metus
334 1313 465 1372 hostiurn
494 1312 715 1390 disciplinaque
739 1311 879 1371 militaris
907 1313 1108 1384 continuerat,

209 1393 344 1452 omnium
364 1393 497 1471 primum
511 1413 575 1451 rem
589 1392 629 1452 ad
643 1391 872 1451 multitudinem
894 1391 1056 1470 inperitam
1078 1401 1110 1451 et

209 1473 271 1532 illis
293 1473 420 1534 saeculis
444 1473 551 1532 rudem
576 1472 823 1544 efficacissimam,
847 1471 972 1531 deorum
994 1482 1110 1532 metum

156 1558 195 1618 15
209 1553 396 1613 iniciendum
413 1562 497 1612 ratus
516 1562 567 1613 est.
611 1553 674 1629 Qui
695 1572 764 1613 cum
785 1551 964 1612 descendere
984 1553 1024 1612 ad
1046 1553 1110 1612 ani·

209 1653 273 1694 mos
293 1634 357 1702 sine
375 1633 478 1712 aliquo
494 1642 653 1694 coemento
667 1632 808 1692 miraculi
824 1653 884 1692 non
899 1642 1005 1711 posset,
1019 1632 1111 1693 simu·

209 1714 255 1774 lat
274 1713 332 1773 sibi
352 1734 421 1774 cum
443 1713 501 1774 dea
521 1713 635 1792 Egeria
648 1733 823 1792 congressus
844 1722 1006 1773 nocturnos
1030 1733 1110 1786 esse3

209 1796 273 1875 ejus
293 1813 325 1854 se
344 1793 471 1866 monitu,
490 1813 568 1872 quas
588 1794 798 1872 acceptissima
819 1793 877 1852 diis
898 1802 1004 1866 essent,
1022 1813 1112 1854 saera

209 1874 375 1947 instituere,
390 1874 557 1934 sacerdotes
572 1895 640 1934 suos
655 1875 764 1952 cuique
779 1873 904 1932 deorum
919 1873 1089 1952 praeficere.

157 1959 196 2020 20
252 1955 355 2034 Atque
378 1955 513 2014 omnium
537 1955 670 2033 primum
694 1954 734 2014 ad
757 1973 862 2013 cursus
884 1953 975 2013 lunae
992 1954 1024 2012 in
1038 1953 1111 2015 duo·

211 2034 309 2096 decim
330 2055 444 2095 menses
465 2034 609 2094 describit
629 2054 754 2107 annum,
769 2054 869 2113 quem,
888 2035 961 2112 quia
981 2035 1111 2095 tricenos

211 2116 274 2176 dies
297 2114 426 2193 singulis
453 2114 606 2174 mensibus
630 2114 706 2174 luna
730 2135 790 2174 non
816 2113 920 2192 explet
943 2114 1111 2192 desuntque

211 2197 275 2256 dies
302 2195 398 2255 solido
423 2215 513 2268 anno,
534 2195 588 2274 qui
612 2195 766 2255 solstitiali
788 2194 1006 2272 circumagitur
1030 2195 1111 2266 orbe,

210 2275 414 2338 intercalariis
434 2275 587 2336 mensibus
607 2274 834 2354 interponendis
854 2274 897 2333 ita
915 2275 1111 2353 dispensavit,

157 2359 198 2420 25
212 2365 247 2417 ut
261 2357 404 2418 vicesimo
424 2376 506 2416 anno
526 2356 566 2416 ad
587 2365 698 2415 metam
720 2354 846 2414 eandem
861 2353 941 2426 solis,
957 2354 1038 2414 unde
1052 2355 1112 2414 orsi

211 2445 319 2510 essent,
354 2434 431 2496 lenis
449 2438 584 2496 omnium
600 2456 749 2495 annorum
771 2434 876 2513 spatiis
891 2434 955 2493 dies
969 2452 1113 2514 congrue·

211 2525 288 2578 rent
329 2457 416 2576 idem
437 2517 566 2576 nefastos
594 2517 657 2576 dies
685 2515 837 2592 fastosque
857 2515 939 2587 fecit,
961 2515 1034 2593 quia
1055 2515 1112 2574 ali-

211 2597 334 2678 quando
347 2596 426 2658 nihil
441 2617 510 2656 cum
525 2597 637 2676 populo
652 2596 701 2674 agi
716 2595 791 2655 utile
806 2595 944 2654 futurum
958 2603 1032 2654 erat.

252 2678 328 2739 XX.
371 2677 449 2736 Tum
464 2676 670 2736 sacerdotibus
686 2675 824 2735 creandis
838 2675 975 2734 animum
990 2675 1113 2754 adjecit,

159 2762 199 2822 30
213 2778 398 2839 quamquam
422 2757 486 2835 ipse
531 2757 644 2816 lurima
667 2775 754 2815 sacra
778 2754 891 2828 obibat,
916 2775 953 2815 ea
980 2757 1114 2816 maxime

214 2859 291 2918 quae
305 2858 385 2898 nunc
400 2837 440 2896 ad
455 2778 578 2896 Dialem
593 2836 748 2896 flaminem
763 2836 925 2914 pertinent.
967 2835 1026 2896 Sed
1041 2837 1115 2915 quia

214 2920 245 2977 in
274 2919 397 2980 civitate
425 2916 569 2978 bellicosa
596 2916 699 2996 plures
728 2915 853 2975 Romuli
878 2936 970 2994 quam
994 2915 1115 2976 Numae

213 2999 325 3058 similes
346 3019 430 3078 reges
451 2997 580 3078 putabat
601 2996 673 3069 fore,
690 2996 845 3073 iturosque
867 2995 945 3073 ipsos
964 2995 1004 3055 ad
1022 2995 1115 3069 bella,

213 3100 252 3139 ue
279 3099 365 3139 sacra
392 3079 494 3158 regiae
517 3078 594 3139 vicis
618 3076 835 3147 desererentur,
862 3075 1015 3134 flaminem
1041 3074 1116 3138 dcvi

161 3161 200 3221 35
214 3158 376 3219 adsiduum
397 3157 582 3218 sacerdotem
604 3157 728 3230 creavit,
750 3155 922 3234 insignique
943 3175 1012 3214 eum
1033 3166 1117 3218 veste

214 3249 245 3299 et
259 3238 360 3298 curuli
374 3239 458 3316 regia
471 3236 548 3298 sella
561 3236 733 3296 adornavit.
775 3233 860 3295 Huic
882 3235 958 3295 duos
979 3235 1117 3298 flamines

215 3319 336 3398 adjecit,
357 3317 455 3378 Marti
475 3337 580 3390 unum,
600 3315 731 3375 alterum
754 3313 903 3390 Quirino;
924 3316 1117 3396 virginesque

215 3397 328 3460 Vestae
352 3398 437 3476 legit,
460 3395 544 3456 Alba
564 3394 728 3455 oriundum
756 3393 959 3454 sacerdotium
980 3405 1011 3454 et
1031 3397 1117 3474 genti

214 3477 378 3540 conditoris
406 3476 490 3537 haud
517 3476 659 3535 alienum.
702 3471 754 3546 Iis,
777 3482 812 3533 ut
836 3472 982 3534 adsiduae
1008 3477 1118 3556 templi
