2520 3784
161 244 205 318 34
335 259 426 306 ‘rm
452 259 549 307 LIVI
575 257 630 304 AB
657 259 770 305 VRBE
799 258 991 330 cosman

214 418 261 480 vis
274 417 379 497 aliqua
393 424 520 480 externa
534 415 712 476 adoriretur.
756 415 798 475 Et
810 435 871 476 esse
880 415 976 494 igitur
990 416 1121 495 aliquod

214 507 308 578 caput
321 497 470 640 placebat,
485 505 515 557 et
534 517 622 556 nemo
643 495 733 556 alteri
755 496 917 556 concedere
931 495 964 554 in
979 497 1121 556 animum

214 579 325 639 induce
347 587 387 638 at.

255 658 305 720 Ita
331 679 394 718 rem
419 657 499 718 inter
522 679 554 718 se
578 665 700 717 centum
724 665 833 736 patres,
857 656 961 716 decem
986 656 1121 718 decuriis

182 739 312 812 bfactis,
327 738 516 817 singulisque
543 738 576 798 in
604 736 740 816 singulas
761 737 902 796 decurias
925 735 1043 811 creatis,
1066 737 1122 816 qui

214 839 350 880 summae
373 839 485 886 rerum,
499 826 680 897 praeessent,
702 817 885 876 consociant
928 816 1043 877 Decem
1065 818 1122 876 im·

210 897 398 978 perstabant,
413 918 492 957 unus
505 918 575 958 cum
590 896 759 974 insignibus
777 896 899 975 imperii
912 905 944 957 et
956 896 1121 960 lictoribus

215 989 297 1055 crat3
319 977 453 1058 quinque
467 978 585 1037 dierum
604 977 703 1055 spatio
716 975 880 1036 finiebatur
894 976 1066 1055 imperium,
1081 999 1120 1038 ac

215 1079 269 1138 per
289 1077 391 1119 omnes
412 1059 445 1117 iu
468 1057 571 1118 orbem
597 1056 680 1129 ibat;
701 1076 897 1136 annuumque
917 1057 1120 1126 intervallum

157 1139 201 1200 ’10
216 1139 301 1218 regni
315 1137 382 1200 fuit.
424 1136 462 1197 Id
477 1137 516 1198 ab
531 1158 572 1210 re,
583 1136 665 1216 quod
679 1156 762 1196 nuno
773 1157 893 1217 quoque
903 1145 1118 1212 tenetnomen,

215 1219 422 1298 interregnum
436 1217 635 1296 appellatum.

254 1298 397 1360 homere
416 1298 527 1358 deinde
547 1297 650 1377 plebs:
670 1296 909 1376 multiplicatam
927 1299 1118 1374 servitutem,

214 1389 336 1440 centum
347 1399 403 1458 pro
414 1398 475 1438 uuo
486 1378 624 1439 dominos
638 1377 751 1452 factos3
768 1399 823 1438 nec
835 1378 918 1439 ultra
931 1378 990 1439 nisi
1004 1401 1117 1459 regem,

214 1469 245 1520 et
259 1459 298 1520 ab
312 1459 384 1538 ipsis
399 1468 535 1518 creatum
550 1458 736 1519 videbantur
749 1458 877 1537 passuri.
919 1458 997 1520 Cum
1011 1461 1119 1522 sensIs·

159 1539 200 1602 lb
213 1549 280 1604 sent
304 1559 340 1600 ea
364 1538 479 1600 moveri
504 1547 614 1617 patres,
638 1539 825 1598 offerendum
846 1538 927 1600 ultro
953 1541 1011 1600 rati
1034 1541 1118 1619 quod

162 1619 167 1626 '
213 1619 353 1682 amissuri
374 1627 470 1691 erant,
485 1619 528 1679 ita
548 1618 680 1698 gratiam
702 1617 809 1678 ineunt
829 1639 949 1680 summa
968 1630 1119 1700 potestate

213 1699 326 1782 populo
347 1699 500 1779 permissa,
516 1710 625 1759 utnon
640 1699 709 1777 plus
729 1699 838 1759 darent
854 1699 934 1780 juris
954 1721 1047 1779 quam
1068 1702 1119 1762 de-

213 1781 353 1850 tiuerent.
395 1777 606 1840 Decreverunt
619 1779 711 1852 euim,
725 1788 769 1851 ut,
784 1799 853 1839 cum
867 1780 1000 1860 populus
1013 1801 1117 1861 regem

160 1941 199 2004 20
213 1858 986 2001 iiiiffl‘tffliiiiiemriiiiiiliiiiiiiiiiffi
999 1861 1116 2002 resep.

288 1962 315 2000 re
884 1962 898 2001 s
972 1962 1006 2000 ro
1028 1962 1068 2002 an
1092 1963 1118 2003 rs

163 2013 170 2022 ’
212 1961 471 2099 usurmtbrbiiem
483 2019 543 2098 jus,
557 1961 589 2080 ii
605 1961 766 2098 ademptga:
787 1961 967 2100 priusqriam
985 1964 1118 2100 pbpqus

211 2100 390 2180 suffragium
411 2098 502 2170 ineat,
524 2099 555 2158 in
577 2099 729 2160 incertum
753 2101 947 2162 comitiorum
972 2113 1117 2164 eventum

212 2190 312 2262 patres
327 2189 464 2239 auctores
478 2179 586 2257 fianta

252 2257 331 2320 Tum
354 2257 499 2332 interrex,
519 2259 661 2336 contione
685 2261 845 2336 advocata,
868 2261 977 2342 “quod
1001 2261 1116 2325 bonum

158 2342 198 2424 25
211 2339 347 2406 faustum
356 2339 492 2420 felixque
501 2320 569 2414 ait?
581 2341 692 2421 inquit,
704 2346 721 2372 ‘¹
733 2342 878 2418 Quirites,
890 2364 990 2422 regem
1000 2353 1115 2405 create:

212 2421 256 2482 ita
277 2419 415 2501 patribus
436 2420 537 2480 visum
557 2430 611 2481 est.
653 2421 760 2482 Patres
789 2422 909 2496 deinde,
931 2424 956 2484 si
977 2423 1116 2502 dignum,

212 2503 264 2581 qui
284 2501 435 2580 secundus
456 2500 495 2560 ab
517 2500 650 2562 Romulo
671 2511 856 2573 numeretur,
878 2503 1024 2576 crearitiS,
1045 2524 1116 2564 auc·

211 2590 291 2642 tores
312 2581 414 2648 fient.''
457 2579 546 2642 Adeo
561 2581 593 2640 id
607 2591 730 2660 gratum
744 2581 829 2661 plebi
845 2582 913 2656 fuit,
930 2591 973 2656 ut,
987 2605 1026 2643 ne
1039 2584 1115 2645 victi

211 2661 357 2722 beneficio
370 2661 557 2735 viderentur,
572 2661 605 2720 id
619 2662 709 2722 modo
722 2663 884 2723 sciscerent
900 2662 1114 2743 juberentque,

158 2744 198 2805 30
211 2752 247 2803 ut
261 2752 381 2802 senatus
396 2741 580 2813 decerneret,
596 2742 648 2820 qui
664 2742 783 2802 Romae
796 2752 945 2821 regnaret.

251 2821 379 2884 XVIII.
422 2821 536 2882 Inclita
552 2822 674 2900 justitia
694 2821 861 2901 religioque
882 2843 917 2882 ea
936 2831 1116 2902 tempestate

211 2901 332 2962 Numae
360 2901 494 2981 Pompili
523 2910 596 2961 erat.
640 2901 771 2962 Curibus
796 2903 917 2974 Sabinis
942 2903 1115 2979 habitabat,

212 2982 451 3042 consultissimus
472 2981 530 3054 vir,
548 2990 583 3041 ut
608 2981 640 3040 in
665 2981 722 3041 illa
746 2983 905 3062 quisquam
927 3003 990 3044 esse
1014 2994 1116 3045 aetate

210 3071 339 3142 poterat,
349 3063 446 3144 omnis
461 3062 560 3121 divini
573 3070 666 3140 atque
680 3061 807 3122 humani
817 3063 904 3143 juris.
946 3063 1116 3128 Auctorem

158 3143 197 3204 ³5
211 3143 368 3202 doctrinae
389 3142 463 3220 ejus
485 3141 558 3219 quia
578 3163 639 3201 non
661 3151 747 3202 extat
768 3142 855 3216 alius,
876 3143 953 3204 falso
976 3144 1116 3206 Samium

211 3221 421 3301 Pythagoram
449 3221 553 3293 edunt,
580 3242 678 3299 quem,
700 3221 807 3283 Servio
835 3223 938 3284 Tullio
967 3245 999 3284 re
1021 3235 1116 3287 nante

212 3302 338 3373 Romae,
348 3311 470 3361 centum
484 3300 617 3380 amplius
631 3310 699 3380 post
713 3323 817 3374 annos,
831 3303 864 3362 iu
880 3303 990 3365 ultima
1000 3247 1116 3366 itallae

211 3402 266 3442 ora
290 3381 372 3441 circa
395 3380 608 3459 Metapontum
634 3381 818 3441 Heracleam
840 3404 878 3443 ue
900 3394 929 3444 et
951 3383 1115 3446 Crotonem

213 3459 365 3544 juvenum
374 3459 595 3520 aemulantium
605 3461 708 3520 studia
719 3470 821 3547 coetus
854 3461 1114 3529 abuieseconstat.
