2568 3782
499 220 631 266 arnan
656 221 747 286 xxi,
772 205 862 270 5-6.
1137 207 1179 272 87

222 378 339 457 positis,
362 398 433 439 cum
457 377 558 458 prima
581 377 665 458 quies
689 378 904 460 silentiumque
928 379 967 441 ab
990 379 1126 441 hostibus

222 459 294 532 fuit,
309 480 430 518 amnem
450 459 530 520 vado
550 460 680 540 trajecit,
694 459 837 537 valloque
857 463 902 520 ita
922 460 1069 540 producto
1092 471 1126 522 ut

222 539 328 599 locum
342 539 383 599 ad
398 539 681 618 transgrediendum
695 539 796 602 hostes
811 539 967 612 haberent,
982 540 1127 602 invadere

222 639 273 680 eos
288 627 480 679 transeuntes
493 620 610 680 statuit.
652 619 816 699 Equitibus
827 621 990 699 praecepit,
1001 629 1044 694 ut,
1056 641 1126 682 cum

222 697 375 778 ingressos
402 720 514 779 aquam
542 699 690 772 viderent,
719 701 913 760 adorirentur
947 700 1126 780 impeditum
1160 701 1181 764 5

223 799 354 860 agmen3
389 780 423 839 in
442 781 524 860 ripa
558 780 735 860 elephantos
770 781 991 860 (quadraginta
1023 789 1126 842 autem
1192 837 1236 866 μ,
1265 836 1269 847 ,

223 866 328 937 erant)
352 859 399 920 dis
422 861 495 922 onit.
538 859 779 940 Carpetanorum
807 882 876 922 cum
906 861 1126 940 adpendicibus
1182 848 1224 868 ‘'

224 881 674 1021 Olcadumbaecaeorumque
703 951 824 1002 centum
852 941 940 1007 milia
966 941 1059 1014 fuere,
1083 942 1126 1002 in·

213 1023 311 1094 ,victa
324 1021 455 1095 acies,.si
475 1043 572 1102 aequo
593 1021 791 1082 dimicaretur
811 1035 949 1102 campa!
970 1019 1082 1102 Itaque
1095 1031 1126 1083 et

210 1095 348 1181 'ingenio
370 1103 483 1162 feroces
503 1111 534 1163 et
554 1101 752 1174 multitudino
772 1099 853 1180 freti,
874 1113 913 1176 et,
934 1103 1015 1182 quod
1044 1101 1223 1165 metu10¹m

225 1183 347 1244 cessisse
368 1183 532 1243 credebant
552 1183 677 1256 hostem,
699 1182 733 1263 id
751 1183 864 1250 morari
885 1184 1045 1245 victoriam
1066 1183 1126 1246 rati
1172 1188 1179 1204 '

151 1273 154 1289 '
225 1262 309 1342 quod
329 1263 487 1324 interesset
506 1263 614 1335 amnis,
629 1263 761 1324 clamore
780 1263 912 1336 sublato,
929 1263 1040 1342 passim
1061 1264 1126 1324 sine

166 1416 172 1430 ι
225 1344 321 1404 ullius
336 1343 474 1424 imperio,
488 1363 552 1423 qna,
565 1345 673 1424 cuique
687 1344 863 1424 proximum
884 1355 937 1416 est,
952 1345 984 1404 in
1005 1365 1126 1404 amnem

149 1489 152 1494 ,
212 1433 329 1496 munt.
343 1425 415 1496 xEt
436 1445 475 1486 ex
495 1419 583 1504 par'te
602 1425 700 1485 altera
713 1425 798 1505 ripas
811 1425 857 1486 vis
871 1425 1127 1503 ingens'equitum
1155 1457 1162 1473 ι

109 1527 114 1529 ·
149 1498 182 1583 κ),
225 1505 385 1566 influmen
396 1503 529 1579 inmissa,
541 1505 700 1584 medioque
713 1506 801 1567 alveo
816 1505 1044 1583 hautquaquam
1060 1505 1127 1586 pari
1142 1507 1181 1566 15

88 1653 95 1661 ,
146 1581 150 1591 ’
177 1610 194 1651 ·,
225 1586 394 1649 certamine
415 1590 604 1659 concursum,
619 1586 731 1668 quippe
743 1585 799 1654 ubi
814 1585 905 1673 pedes
919 1584 1071 1646 instabilis
1091 1605 1127 1646 ac

38 1709 43 1713 ·
154 1680 167 1743 j
224 1667 282 1728 vix
302 1661 384 1729 v'ado
411 1665 506 1726 fidens
527 1665 575 1745 uel
598 1667 638 1728 ab
658 1666 767 1729 inermi
788 1666 898 1745 equite,
919 1685 995 1744 equo
1015 1674 1128 1735 temere

14 1776 20 1780 ·
226 1757 305 1820 acto,
327 1745 589 1830 perverti‘posset,
610 1767 699 1826 eques
720 1767 846 1826 corpore
868 1745 1020 1838 armisque
1042 1745 1126 1817 liber,

156 1825 169 1897 ,²
225 1849 303 1907 equo
317 1827 368 1902 vel
388 1847 443 1906 per
461 1812 576 1888 medios
595 1825 731 1908 gurgites
751 1825 864 1899 stabili,
877 1845 1043 1886 comminus
1058 1827 1127 1886 emi-

76 1911 83 1916 '
120 1909 177 1981 χ’
226 1927 344 1987 nusque
358 1917 561 1986 remgererst.
588 1907 678 1968 ,Pars
688 1927 800 1986 magna
811 1907 937 1966 flumine
950 1904 1126 1986 absumpta;
1142 1910 1182 1969 20

226 1989 353 2069 quidam
367 1989 514 2055 verticoso
532 1989 619 2053 amni
639 1986 735 2048 delati
749 1989 782 2047 in
796 1987 889 2048 hostis
904 1986 943 2047 ab
957 1987 1126 2064 elephantis

167 2064 212 2152 δὲ
226 2069 332 2158 obtriti
360 2064 639 2150 suntffPostremi,
667 2068 778 2148 quibus
805 2087 955 2146 regressus
981 2067 1014 2126 in
1041 2087 1127 2128 suam

173 2166 177 2170 ’
226 2150 326 2230 ripam
339 2141 434 2210 tutior
447 2149 516 2222 fuit,
531 2169 570 2209 ex
584 2149 676 2210 varia·
686 2148 969 2230 trepidatione'cum
986 2147 1017 2206 in
1032 2167 1128 2207 unum

226 2227 651 2310 colligerentur,'priusquarn
673 2249 692 2288 a
712 2237 799 2289 tanto
823 2249 936 2308 pavore
960 2228 1128 2306 reciperent

26 2375 32 2383 ,
111 2356 129 2382 „
145 2331 195 2385 2„
204 2313 356 2386 ,animoa
368 2309 530 2370 Hannibal
543 2311 665 2389 agmine
678 2309 828 2388 quadrato
842 2328 962 2368 amnem
976 2307 1127 2386 ingressus
1142 2312 1181 2371 25

10 2393 13 2402 '
177 2429 182 2441 ι
226 2391 331 2471 fugam
352 2411 391 2450 ex
412 2390 481 2470 ripa
501 2389 582 2463 fecitr,
604 2390 791 2468 vastatisque
811 2388 892 2467 agris
913 2385 995 2448 intra
1015 2409 1128 2466 paucos

14 2467 20 2477 ’
92 2485 127 2524 ⁴·
160 2481 166 2498 '
226 2473 291 2532 dies
314 2469 499 2550 Carpetanos
524 2469 644 2550 quoque
668 2471 700 2529 in
724 2469 909 2530 deditionem
934 2469 1068 2547 accepit;
1096 2479 1127 2530 et

226 2553 293 2632 jam
314 2551 418 2612 omnia
438 2561 522 2612 trans
542 2551 697 2612 Hiberum
717 2560 838 2632 praeter
858 2549 1042 2629 Saguntinos
1056 2549 1128 2610 Car·

225 2631 465 2712 thaginiensium
478 2642 574 2692 erant.
989 2684 997 2694 ,

266 2713 325 2775 Vl.
367 2711 445 2772 Cum
469 2713 646 2792 Saguntinis
674 2711 790 2774 bellum
818 2711 954 2773 nondum
982 2718 1057 2784 erat,
1083 2731 1128 2771 ce·
1142 2713 1182 2774 30

69 2865 77 2877 ,
224 2796 326 2870 terum
349 2794 416 2874 jam
444 2793 521 2856 belli
547 2794 646 2858 causa.
689 2793 865 2855 Certamina
893 2813 962 2852 cum
990 2791 1127 2852 finitimis

12 2883 21 2941 '-
126 2913 190 2940 ω’,
224 2874 411 2947 serebantur,
426 2885 570 2934 maxume
584 2869 773 2936 Turdetania.
817 2872 1024 2950 Quibuscum
1044 2873 1127 2933 ades-
1164 2899 1165 2904 ¹
1229 2871 1233 2880 '

149 2971 154 2974 ·
223 2965 270 3016 sot
290 2955 372 3014 idem
393 2955 446 3033 qui
467 2954 530 3016 litis
550 2963 616 3014 erat
636 2963 726 3024 sator,
740 2974 797 3014 neo
811 2965 964 3014 certamen
975 2952 1060 3032 juris,
1074 2953 1126 3014 sed

224 3036 290 3098 vim
312 3037 417 3115 quaeri
437 3026 607 3114 appareret,
628 3033 722 3114 legati
749 3055 769 3094 a
795 3033 972 3111 Saguntinis
996 3032 1127 3094 Romam

148 3191 150 3194 Ι
218 3115 485 3206 'missifauxilium
499 3115 539 3174 ad
552 3114 668 3175 bellum
686 3116 752 3195 jam
771 3115 847 3174 haut
865 3113 958 3175 dubie
977 3113 1127 3174 inminens
1142 3118 1181 3176 35

224 3206 354 3258 orantes.
393 3233 395 3237 ·
1142 3222 1145 3227 ·

160 3309 163 3314 ’
194 3303 198 3311 ·
266 3263 411 3338 Consules
425 3287 500 3338 tunc
514 3277 632 3349 Romae
645 3285 732 3336 erant
747 3275 782 3336 P.
797 3274 956 3336 Cornelius
976 3273 1078 3353 Scipio
1097 3283 1127 3335 et

154 3399 158 3408 .
225 3355 279 3418 Ti:
294 3357 488 3438 Sempronius
509 3358 640 3436 Longus
685 3357 748 3431 Qui
769 3376 848 3426 cum,
862 3353 970 3431 legatis
986 3355 1031 3412 in
1044 3375 1126 3413 sena·

164 3451 166 3456 ’
196 3453 203 3461 ’
225 3438 291 3500 tum
308 3439 497 3520 introductis,
512 3438 550 3497 de
570 3457 602 3496 re
621 3435 745 3515 publica
759 3434 940 3502 retulissent,
955 3431 1126 3508 placuisset·
