2562 3788
391 245 525 291 ursae
550 243 663 307 xxrr,
691 225 821 289 43-44.
1045 221 1108 286 187

152 423 293 484 novaque
321 401 449 463 consilia
476 401 508 460 in
537 399 609 473 dies,
634 420 695 459 non
719 398 801 477 apud
826 396 937 458 milites
957 395 1056 457 solum

153 487 266 546 mixtos
291 504 329 543 ex
356 481 538 542 conluvione
562 480 698 540 omniurn
722 478 868 558 gentium,
891 477 1056 537 sedetiam

152 566 236 645 apud
266 564 372 624 ducem
403 562 512 641 ipsum,
534 559 719 620 oriebantur.
761 559 842 618 Nam
871 577 938 618 cum
968 557 1057 616 initio

153 646 302 717 fremitus,
317 643 427 702 deiude
449 650 555 720 aperta
575 638 750 701 vociferatio
772 639 877 698 fuisset
897 657 1058 716 exposcen-

153 729 232 786 tium
257 722 444 802 stipendium
471 721 608 781 debitum
630 720 881 798 querentiumque
906 737 1057 777 annonam
1092 717 1115 776 δ’

154 808 263 886 primo,
292 813 443 883 postremo
472 801 593 872 famem,
622 812 652 860 et
681 799 902 859 mercennarios
937 797 1057 870 milites,

155 886 290 946 maxime
305 884 438 962 Hispani
458 881 585 960 generis,
599 881 638 940 de
659 879 837 939 transitione
858 878 970 957 cepisse
991 897 1060 937 con·

154 967 259 1026 silium
273 965 357 1024 fama
371 973 454 1035 esset,
470 965 534 1041 ipse
556 962 648 1020 etiam
671 960 824 1020 interdurn
847 957 1005 1018 Hannibal
1021 957 1061 1017 ds

155 1048 230 1125 l'uga
244 1047 276 1104 in
291 1043 428 1105 Galliam
444 1043 556 1103 dicitnr
577 1042 716 1120 agitasse,
730 1041 774 1099 ita
796 1048 830 1099 ut
850 1038 956 1098 relicto
978 1038 1058 1116 pedi·

156 1137 222 1186 tutu
244 1125 326 1186 omni
348 1143 418 1184 cum
439 1120 592 1201 equitibus
613 1142 644 1181 se
666 1121 842 1199 proriperet.
884 1117 962 1180 Cum
985 1120 1059 1178 haec
1075 1121 1113 1180 10

156 1205 283 1266 consilia
304 1212 396 1283 atque
411 1204 460 1263 hic
475 1202 597 1262 habitus
620 1203 791 1261 animorum
807 1209 883 1260 esset
898 1200 929 1258 iu
944 1201 1059 1271 castris,

154 1305 276 1346 movere
289 1285 361 1344 inde
382 1282 490 1344 statuit
509 1281 543 1341 in
563 1279 710 1340 calidiora
731 1288 823 1358 atque
842 1300 878 1339 eo
898 1278 1064 1338 maturiora

154 1365 300 1425 messibus
325 1364 458 1451 Apuliae
487 1362 562 1433 loca,
590 1361 681 1420 simul
715 1367 756 1432 ut,
784 1380 843 1439 qno
879 1358 997 1499 longius
1025 1357 1064 1418 ab

156 1442 242 1503 hoste
265 1450 441 1511 recessisset,
467 1441 638 1520 transfugia
664 1440 848 1518 inpeditiora
872 1439 933 1500 levi
957 1460 991 1499 us
1016 1439 1059 1498 in-

177 1523 252 1582 eolis
273 1529 379 1581 essent.
421 1519 581 1581 Profectus
599 1531 644 1580 est
666 1532 762 1593 nocte,
779 1520 900 1600 ignibus
920 1519 1060 1580 similiter
1075 1523 1113 1582 15

168 1603 245 1662 'ctis
266 1600 532 1679 tabernaculisque
553 1603 658 1680 paucis
681 1601 711 1660 in
733 1602 862 1680 speciem
887 1601 1008 1674 relictis,
1026 1612 1060 1662 ut

157 1682 338 1742 insidiarum
366 1700 423 1760 par
450 1680 544 1761 priori
573 1692 670 1742 metus
700 1683 867 1742 contineret
897 1683 1059 1744 Romanos.

156 1762 215 1823 Sed
232 1783 285 1841 per
303 1761 431 1822 eundem
454 1761 614 1821 Lucanum
636 1761 792 1822 Statilium
816 1763 956 1824 omnibus
977 1764 1061 1823 ultra

158 1853 255 1903 castra
270 1852 413 1920 transque
428 1843 538 1902 montis
552 1842 728 1921 exploratis,
746 1863 813 1902 cum
831 1844 961 1904 relatum
975 1853 1060 1917 esset,

158 1924 256 1984 visum
272 1923 377 2001 procul
393 1922 523 1982 hostiurn
539 1943 656 2002 agmen,
672 1932 738 1982 tum
761 1923 799 1982 de
821 1924 1004 2007 insequendo
1025 1944 1060 1986 eo
1075 1928 1118 1990 20

157 2003 284 2064 consilia
297 2003 407 2081 agitari
423 2012 539 2081 coepta.
989 2065 991 2069 ³

197 2083 275 2143 (lum
297 2083 454 2161 utriusque
475 2083 606 2142 consulis
628 2084 733 2152 eadem
755 2105 832 2164 quae
853 2097 924 2147 ante
944 2107 1062 2167 semper

157 2164 262 2223 fnisset
275 2163 433 2235 sententia,
449 2171 580 2222 ceterum
598 2163 732 2225 Varroni
754 2168 817 2226 fere
836 2188 947 2240 omnes,
963 2168 1061 2228 Paulo

157 2264 245 2304 nemo
266 2253 386 2322 praeter
405 2243 579 2316 Servilium,
600 2246 709 2323 prioris
731 2247 804 2306 anni
826 2248 989 2322 consulem,
1010 2249 1061 2310 ad·

156 2325 328 2395 sentiretur,
350 2324 472 2402 majoris
495 2325 591 2403 partis
616 2327 767 2386 sententia
791 2327 831 2387 ad
856 2328 1061 2390 nobilitandas
1076 2329 1116 2391 25

158 2404 245 2465 clade
270 2404 411 2464 Romana
435 2403 556 2464 Cannas
582 2417 709 2484 urgente
735 2407 798 2468 fato
824 2409 953 2488 profecti
980 2419 1060 2470 sunt.

158 2485 257 2563 Prope
271 2504 340 2543 eum
355 2484 457 2544 vicum
472 2484 635 2546 Hannibal
652 2497 752 2547 castra
768 2499 908 2567 posuerat
922 2509 1029 2550 aversa
1042 2510 1062 2550 a

157 2564 313 2626 Volturno
334 2575 434 2638 vento,
451 2565 505 2642 qui
527 2567 642 2644 campis
665 2569 787 2628 torridis
808 2570 945 2630 siccitate
966 2571 1062 2630 nubes

157 2645 293 2724 pulveris
307 2644 400 2704 vehit.
443 2644 480 2703 ld
502 2665 572 2704 cum
594 2647 666 2727 ipsis
689 2650 794 2709 castris
815 2650 1061 2728 percommodum

157 2725 301 2798 initium
314 2724 449 2784 salutare
464 2727 627 2805 praecipue
643 2728 780 2788 futurum
796 2739 869 2801 erat,
880 2750 950 2790 cum
965 2731 1060 2791 aciem
1076 2732 1116 2794 30

157 2803 333 2884 dirigerent,
355 2805 412 2883 ipsi
434 2806 542 2879 aversi,
560 2817 645 2886 terga
666 2818 787 2868 tantum
809 2810 944 2870 adflante
960 2820 1061 2884 vento,

158 2885 189 2943 in
204 2893 398 2944 occaecatum
413 2885 540 2964 pulvere
556 2887 650 2948 offuso
665 2889 782 2949 hostem
796 2891 972 2970 pugnaturi.

197 2963 321 3026 XLIV.
364 2965 518 3040 Consules,
539 2969 612 3027 satis
637 2969 803 3046 exploratis
829 2971 997 3045 itineribus,
1018 2991 1060 3032 se-

158 3046 278 3125 quentis
299 3044 445 3119 Poenum,
461 3057 496 3106 nt
514 3057 636 3108 ventum
652 3049 691 3107 ad
707 3049 828 3110 Cannas
843 3060 932 3111 estet
947 3053 976 3111 in
993 3071 1060 3112 con·

156 3135 262 3206 spectu
285 3125 422 3185 Poenum
444 3126 608 3200 habebant,
624 3128 697 3187 bina
719 3140 818 3190 castra
840 3132 1061 3206 communiunt,
1076 3133 1115 3194 35

157 3207 262 3268 eodem
277 3205 372 3266 ferme
384 3206 619 3286 intervalloque
632 3208 672 3266 ad
688 3208 966 3282 Gereonium‚sicnt
980 3222 1060 3285 ante,

157 3287 252 3366 copiis
274 3287 388 3347 divisis.
431 3286 563 3346 Aufidus
588 3289 695 3360 amnis,
720 3291 854 3366 utrisque
879 3292 985 3350 castris
1010 3292 1065 3351 ad-·

157 3366 264 3439 linens,
280 3368 397 3426 aditum
420 3367 617 3445 aquatoribus
632 3388 670 3426 ex
685 3388 740 3426 sua
754 3371 901 3446 cujusque
920 3381 1061 3446 opportu-

157 3447 255 3508 nitate
284 3446 367 3506 baud
397 3446 461 3506 sine
490 3447 656 3506 certamine
675 3445 777 3506 dabat
787 3468 798 3517 5.
824 3467 874 3508 ex.
892 3447 1063 3508 vminoribus
