2568 3782
393 249 528 298 amna
552 251 613 300 xx
623 251 649 315 1,
676 235 807 300 61-62.
1036 235 1099 300 139

137 406 238 468 manis
275 405 426 466 sociorum
454 414 562 468 vastat.
615 406 727 468 Excito
762 406 871 468 deinde
905 407 1046 488 Scipione

137 486 286 558 bibernis,
305 495 370 546 toto
384 486 426 546 cis
441 485 593 546 Hiberum
608 507 711 548 rursus
725 488 806 548 cedit
820 507 902 567 agro.
943 488 1046 568 Scipio

137 567 280 628 relictam
308 566 348 626 ab
378 576 502 626 auctore
527 567 705 630 defectionis
732 567 898 648 Ilergetum
925 579 1046 648 gentem

138 667 208 708 cum
235 647 344 708 infesto
369 647 506 708 exercitu
532 647 699 720 invasisset,
715 648 878 728 conpulsis
905 648 1046 710 omnibus

139 727 337 806 Atanagrum
353 726 468 800 urbem,
484 747 562 806 quae
583 736 676 806 caput
697 728 760 807 ejus
778 728 884 808 populi
901 738 974 803 erat,
990 730 1046 790 cir·
1079 729 1100 792 δ

139 807 298 879 cumscdit,
313 807 455 886 intraque
477 807 542 870 dies
561 828 683 887 paucos,
700 808 840 888 pluribus
861 829 952 888 quam
975 820 1047 870 ante

138 888 295 949 obsidibus
309 888 474 967 imperatis,
493 887 638 966 llergetes
654 889 781 967 pecnnia
795 889 886 949 etiem
903 890 1046 952 multatos

138 968 233 1046 injus
247 968 458 1047 dicionemque
474 970 596 1047 recepit.
640 967 718 1028 Inde
729 970 761 1030 in
772 969 942 1030 Ausetanos
953 990 1047 1051 prope

138 1048 303 1122 Hiberum,
324 1049 419 1110 socios
440 1058 470 1110 et
493 1049 573 1128 ipsos
596 1047 777 1121 Poenorum,
793 1049 939 1128 procedit,
955 1061 1047 1130 atque

138 1129 214 1189 urbe
242 1149 347 1188 eorum
375 1128 502 1202 obsessa,
531 1129 702 1190 Lacetanos
729 1129 880 1191 auxilium
909 1131 1047 1192 finitimis
1062 1131 1100 1194 10

137 1208 267 1270 ferentes
291 1218 388 1280 nocte,
409 1210 492 1270 baud
520 1210 627 1288 procul
648 1210 714 1289 jam
736 1209 819 1282 urbe,
841 1231 910 1271 cnm
932 1212 1046 1274 intrare

137 1289 262 1361 vellent,
278 1290 399 1369 excepit
413 1290 540 1351 insidiis.
587 1290 682 1352 Caesa
703 1291 743 1351 ad
762 1291 922 1352 duodecim
942 1291 1045 1365 miliar

136 1371 224 1430 exuti
240 1391 333 1448 prope
347 1391 449 1430 ornnes
470 1371 564 1432 armis
588 1370 692 1431 domos
710 1371 821 1450 passim
841 1371 978 1450 palantes
992 1392 1046 1451 per

137 1469 226 1529 agros
236 1450 393 1528 diffugere,
405 1469 461 1511 nec
472 1451 606 1528 obsessos
621 1451 683 1512 alia
695 1451 762 1512 ulla
777 1471 822 1514 res
833 1471 925 1531 quam
941 1453 1047 1531 iniqua

137 1532 386 1610 oppugnantibus
408 1531 504 1592 biems
530 1531 699 1593 tutabatur.
744 1531 885 1611 Triginta
904 1532 972 1598 ,dies
996 1533 1046 1594 ob-
1061 1534 1100 1596 lo

136 1612 214 1671 sidio
230 1611 297 1678 fuit,
314 1631 367 1689 per
375 1631 455 1691 quos
470 1632 538 1673 raro
556 1633 702 1692 umquam
718 1612 774 1672 nix
789 1613 888 1673 minus
902 1621 1047 1692 quattuor

137 1691 228 1770 pedes
249 1691 314 1752 alta
329 1693 443 1770 jacuit,
459 1692 595 1771 adeoque
619 1693 738 1773 pluteos
761 1713 796 1754 ac
812 1693 915 1754 vineas
937 1693 1046 1756 Rorna-

137 1791 246 1832 norum
261 1781 430 1850 opcruerat,
446 1781 481 1833 ut
495 1793 532 1832 ea
545 1773 618 1845 sola,
636 1773 759 1852 ignibus
775 1773 957 1852 aliquotiens
979 1795 1046 1836 con·

138 1852 227 1932 jectis
242 1851 281 1912 ab
298 1851 389 1925 bostc,
405 1853 497 1914 etiam
513 1861 721 1914 tutamentum
737 1854 839 1917 fuerit.
882 1854 1046 1928 Postremo,

137 1952 207 1994 curn
224 1932 388 1994 Amusicus
403 1933 542 2012 princeps
557 1954 661 1994 eorum
683 1933 723 1994 ad
739 1933 965 1996 Hasdrubalem
981 1956 1047 2014 pro·
1061 1937 1100 2000 20

137 2013 273 2092 fugisset,
283 2013 392 2092 viginti
406 2015 524 2092 argenti
538 2014 661 2078 talentis
674 2015 757 2093 pacti
770 2014 932 2076 deduntur.
975 2015 1047 2076 Tar·

136 2112 279 2154 raconem
295 2093 326 2152 in
341 2092 469 2154 hiberna
484 2093 616 2154 reditum
631 2104 684 2156 est.

177 2173 286 2234 LXII.
329 2173 445 2234 Romae
467 2185 521 2234 aut
543 2174 624 2236 circa
645 2175 753 2237 urbem
776 2177 875 2239 multa
893 2199 929 2239 ea
948 2178 1046 2239 hieme

136 2253 279 2336 prodigia
292 2254 382 2326 facta,
398 2263 461 2326 aut,
478 2255 558 2333 quod
575 2257 697 2317 evenire
711 2258 789 2318 solet
805 2259 894 2320 motis
907 2259 998 2320 semel
1014 2260 1046 2320 in

136 2335 315 2414 religionem
330 2336 448 2407 animis,
465 2335 563 2398 multa
580 2338 724 2398 nuntiata
745 2349 775 2399 et
797 2348 910 2400 temere
930 2340 1046 2400 credita
1061 2339 1100 2402 25

136 2428 218 2486 sunt,
233 2417 265 2474 in
280 2419 357 2494 quis,
373 2415 540 2495 ingenuum
564 2417 712 2479 infantem
735 2429 905 2481 semestrem
928 2421 960 2482 in
981 2421 1046 2481 foro

137 2495 282 2556 holitorio
298 2496 522 2574 ‘triumphum’
540 2497 695 2572 clamasse,
707 2509 787 2560 -et
806 2500 838 2560 in
859 2501 924 2563 foro
941 2501 1045 2563 boario

137 2577 248 2637 bovem
270 2575 303 2635 in
323 2577 447 2636 tertiam
468 2577 729 2657 contignationem
749 2602 804 2642 sua
823 2594 930 2662 sponte
948 2603 1047 2644 escen·

120 2656 225 2729 -disse,
240 2664 332 2736 atque
346 2657 426 2730 inde,
442 2657 576 2717 tumultu
596 2659 804 2722 habitatorum
820 2663 969 2737 territum,
984 2683 1047 2724 sese

138 2736 289 2816 dejecisse,
299 2747 376 2797 —et
390 2737 518 2799 navium
534 2740 665 2818 speciem
680 2741 718 2800 de
732 2743 817 2804 caelo
831 2743 998 2816 adfulsisse,
1007 2776 1047 2788 —
1060 2743 1100 2806 30

137 2826 169 2878 ct
189 2817 296 2878 aedem
316 2816 396 2896 Spei,
419 2838 496 2897 quae
519 2830 563 2880 est
593 2820 624 2880 in
654 2821 719 2882 foro
744 2822 895 2896 holitorio,
917 2825 1046 2886 fulmine

139 2897 241 2969 ictam,
251 2908 329 2957 —et
342 2898 463 2958 Lanuvi
482 2899 600 2960 hastam
615 2922 646 2965 se
662 2905 905 2976 commovissem
920 2927 1046 2968 corvum

139 2978 172 3038 in
186 2978 292 3038 aedem
307 2976 329 3039 J
332 2979 439 3040 unonis
463 2979 619 3042 devolasse
641 2993 732 3061 atque
752 2984 785 3044 in
805 2985 871 3064 ipso
889 2986 1045 3065 pulvinari

139 3059 405 3130 consedisse-et
435 3059 466 3119 in
499 3081 573 3139 agro
602 3061 797 3125 Amiternino
832 3067 936 3126 multis
971 3067 1045 3128 locis

140 3139 299 3198 hominnm
320 3140 418 3218 speeie
441 3141 546 3219 procul
561 3142 693 3204 candida
708 3155 789 3206 veste
804 3147 892 3214 visos,
906 3168 960 3207 nec
976 3168 1042 3207 cunr
1059 3147 1099 3207 35

141 3219 206 3280 ullo
227 3239 408 3298 congressos,
419 3231 498 3281 -et
512 3222 542 3284 in
560 3222 671 3284 Piceno
687 3223 840 3303 lapidibus
856 3227 995 3306 pluvisse,
1005 3261 1046 3271 -

140 3311 171 3360 et
199 3298 294 3360 Caere
321 3311 414 3362 sortes
442 3311 719 3372 extenuatas-et
747 3306 779 3364 in
804 3306 908 3367 Gallia
936 3308 1045 3386 lupum

141 3379 230 3458 vigili
260 3379 398 3460 gladium
427 3402 465 3442 ex
493 3381 607 3460 vagina
635 3392 757 3460 raptum
786 3385 953 3446 abstulisse.
995 3386 1046 3448 Ob

142 3470 242 3522 cetera
267 3460 408 3540 prodigia
431 3461 526 3522 libros
550 3461 635 3524 adire
660 3462 825 3528 decemviri
848 3464 944 3543 jussis
962 3464 1045 3544 quod
