2520 3784
186 233 228 300 Ῠ4
352 251 441 298 ΤΙΤΙ
468 251 563 298 LIVI
590 249 645 296 AB
672 251 789 297 VRBE
818 248 1009 297 CONDITA

238 407 494 486 quandoquidem,
508 416 543 468 ut
564 407 666 468 omnia
687 427 765 467 unus
786 406 893 468 Gabiis
914 414 1022 486 posset,
1044 407 1072 467 ei
1094 408 1139 469 dii

238 487 398 548 dedissent.
440 487 525 548 Huic
552 487 670 560 nuntio,
695 488 776 566 quia,
801 486 900 557 credo,
926 485 1039 546 dubiae
1067 487 1139 548 fidei

237 567 409 642 videbatur,
431 567 508 626 nihil
530 588 605 630 voce
625 587 800 646 responsum
821 576 882 640 est;
906 587 962 626 rex
984 566 1070 628 velut
1090 568 1139 645 de

238 649 458 709 liberabundus
485 647 517 709 in
546 649 667 708 hortum
703 647 824 708 aedium
853 647 972 720 transit,
1001 647 1139 727 sequenti

205 729 346 790 bnuntio
371 729 447 804 ⁴filii;
476 728 520 788 ibi
547 727 741 788 inambulans
768 729 880 788 tacitus
907 748 1027 788 summa
1047 748 1139 808 papa·

155 815 161 824 '
235 831 346 874 uerum
374 810 476 888 capita
503 809 616 869 dicitur
643 808 753 868 baculo
781 808 951 868 decussisse.
1006 806 1139 868 Interro-

238 890 339 970 gando
359 889 621 968 exspectandoque
643 909 818 967 responsum
840 889 965 947 nuntius
986 889 1089 961 fessus,
1104 899 1139 948 ut

238 991 271 1030 re
291 970 467 1048 inperfecta,
482 969 561 1028 redit
580 968 710 1040 Gabios;
733 990 810 1048 quae
831 968 945 1028 dixerit
966 968 1030 1047 ipse
1050 989 1139 1046 quae-

238 1071 298 1131 que
319 1050 439 1122 viderit,
461 1050 568 1110 refert:
593 1070 645 1110 seu
674 1050 720 1108 ira
746 1070 798 1108 seu
827 1049 896 1110 odio
920 1069 972 1108 seu
997 1049 1140 1127 superbia

186 1131 226 1193 10
239 1132 332 1192 insita
355 1131 477 1209 ingenio
501 1130 620 1189 nullam
645 1150 714 1190 eum
738 1149 842 1190 vocem
865 1129 1004 1188 emisisse.
1045 1128 1139 1190 Sexto

240 1211 302 1284 ubi,
318 1211 392 1290 quid
416 1211 510 1273 vellet
535 1231 643 1289 parens
667 1210 802 1290 quidque
826 1209 1013 1289 praeciperet
1037 1211 1139 1270 tacitis

237 1291 429 1370 ambagibus,
457 1292 565 1370 patuit,
600 1291 747 1370 primores
781 1290 914 1350 civitatis
949 1290 1139 1350 criminando

239 1373 314 1434 alios
338 1372 421 1451 apud
446 1371 601 1451 populum,
617 1371 691 1432 alios
715 1392 770 1430 sua
794 1371 872 1449 ipsos
894 1370 1013 1431 invidia
1034 1391 1139 1448 oppor-

239 1463 327 1514 tunos
353 1453 514 1512 interemit.
557 1451 650 1512 Multi
675 1451 787 1530 palam,
814 1451 949 1529 quidam,
974 1451 1006 1510 in
1029 1450 1139 1528 quibus

187 1535 339 1595 lominus
362 1534 497 1610 speciosa
519 1533 691 1592 criminatio
716 1546 782 1592 erat
806 1531 920 1603 futura,
945 1531 1025 1592 clam
1049 1533 1138 1591 inter-

239 1615 320 1675 fecti.
371 1613 477 1674 Patuit
505 1613 687 1692 quibusdam
714 1612 886 1674 volentibus
915 1611 997 1690 fuga,
1026 1622 1080 1672 aut
1107 1613 1139 1671 in

238 1697 365 1756 exilium
391 1695 453 1755 acti
477 1704 556 1768 sunt,
579 1694 810 1774 absentiumque
835 1693 914 1754 bona
934 1694 1027 1774 juxta
1048 1702 1140 1772 atque

239 1778 490 1857 interemptorum
502 1776 615 1837 divisui
629 1776 722 1837 fuere.
764 1775 956 1856 Largitiones
971 1775 1041 1836 inde
1056 1796 1139 1854 prae

238 1859 371 1938 dasque;
393 1869 423 1920 et
438 1858 599 1919 dulcedine
619 1857 735 1937 privati
754 1857 902 1918 commodi
924 1877 1027 1917 sensus
1048 1856 1139 1916 malo

185 1939 224 2002 20
238 1940 514 2082 rumgublicorum
534 1939 638 2009 adimi,
653 1939 748 1999 donec
770 1939 844 1999 orba
865 1937 990 1998 consilio
1011 1938 1140 1997 auxilio

237 2041 297 2100 quc
346 2021 439 2080 abina
461 2041 507 2080 res
530 2021 592 2099 regi
618 2020 757 2080 Romano
779 2020 844 2078 sine
862 2018 927 2079 ulla
944 2018 1140 2078 dimicatione

237 2102 269 2161 in
285 2121 409 2161 manum
423 2101 564 2161 traditur.

278 2182 347 2244 LV.
403 2181 510 2243 Gabiis
545 2181 681 2260 receptis,
711 2179 895 2260 Tarquinius
929 2200 1035 2260 pacem
1070 2200 1140 2242 curn

238 2263 416 2343 Aequorum
429 2272 519 2342 gente
533 2263 613 2333 fecit,
630 2263 734 2322 foedus
756 2283 825 2324 cum
844 2261 949 2323 Tuscis
969 2262 1138 2322 renovavit.

184 2343 223 2406 25
238 2343 367 2405 Indead
383 2343 505 2423 negotia
522 2342 641 2403 urbana
662 2343 798 2402 animum
820 2343 987 2414 convertit;
1010 2361 1139 2420 quorum

193 2435 196 2444 ’
237 2435 302 2486 erat
326 2425 468 2504 primurn,
492 2433 527 2484 ut
552 2423 639 2486 Jovis
661 2424 811 2503 templum
832 2425 863 2483 in
888 2431 989 2482 monte
1010 2421 1140 2500 Tarpeio

232 2515 467 2567 monumentum
481 2505 567 2584 regni
582 2505 629 2565 sui
644 2505 835 2583 nominisque
850 2503 1049 2581 relinqueret:
1066 2501 1139 2562 Tar·

237 2587 355 2666 quinios
369 2607 452 2666 reges
467 2585 580 2659 ambos
592 2594 710 2664 patrem
721 2585 847 2656 vovisse,
859 2583 957 2642 filium
971 2583 1138 2662 perfecisse.

238 2667 280 2726 Et
304 2676 339 2726 ut
362 2667 459 2726 libera
484 2687 503 2726 a
527 2666 634 2726 ceteris
657 2665 855 2743 religionibus
879 2683 956 2724 area·
974 2672 1051 2723 esset
1074 2671 1139 2723 tota

184 2748 223 2810 30
237 2746 325 2808 Jovis
346 2747 512 2826 templique
533 2747 605 2824 ejus,
627 2745 708 2824 quod
729 2745 983 2816 inaedificaretur,
1005 2763 1138 2820 exaugu-

237 2847 305 2887 rare
318 2826 391 2887 fana
411 2827 583 2905 sacellaque
603 2826 720 2897 statuit,
735 2845 812 2904 quae
826 2825 944 2904 aliquot
958 2823 1001 2883 ibi
1016 2844 1035 2884 a
1048 2823 1139 2884 Tatio

236 2928 307 2986 rege
327 2908 460 2986 primum
482 2907 514 2966 in
536 2909 600 2985 ipso
621 2906 796 2966 discrimine
811 2903 1138 2966 adversusRomulum

237 3009 358 3066 pugnae
381 2997 461 3060 vota,
484 2996 657 3046 consecrata
682 2986 925 3064 inaugurataque
948 2992 1051 3063 postea
1072 2983 1137 3044 fue-

237 3079 314 3128 rant.
357 3068 442 3128 Inter
456 3067 608 3146 principia
623 3066 772 3125 condendi
787 3065 877 3145 hujus
894 3065 992 3143 operis
1010 3065 1138 3125 movisse

183 3150 222 3210 35
236 3168 349 3207 numen
364 3149 403 3207 ad
418 3145 613 3206 indicandam
635 3147 713 3206 tanti
736 3147 855 3224 imperii
875 3146 985 3207 molem
1004 3143 1138 3204 traditur

236 3228 324 3299 deos;
346 3248 416 3286 nam
438 3246 508 3286 curn
529 3227 664 3285 omnium
685 3226 865 3285 sacellorum
881 3225 1137 3304 exaugurationes

235 3308 433 3368 admitterent
459 3325 538 3377 avae,
564 3305 596 3364 in
620 3305 755 3364 Termini
784 3306 855 3366 fauo
884 3327 943 3366 non
971 3305 1138 3376 addixere;

235 3387 328 3466 idque
355 3406 443 3448 omen
474 3385 699 3464 auguriumque
728 3385 772 3445 ita
804 3393 965 3466 acceptum
992 3393 1045 3460 est,
1072 3403 1137 3452 non
