2520 3784
329 873 359 966 Τ
400 875 423 967 Ι
464 873 494 964 Τ
539 876 559 966 Ι
629 877 660 968 L
703 878 725 969 I
763 879 799 970 V
837 877 860 970 Ι

381 1099 442 1160 AB
464 1099 586 1161 vanu
607 1100 803 1164 ooumm

443 1305 561 1354 LIBER
580 1307 735 1357 PRIMVS.

176 1585 203 1648 Ι.
245 1583 321 1647 JAM
335 1586 468 1665 primum
479 1587 614 1648 omnium
626 1587 698 1648 satis
712 1597 841 1662 constat,
852 1588 944 1670 Troja
955 1600 1045 1671 capta

135 1667 169 1726 in
195 1675 311 1728 ceteros
337 1668 487 1728 saevitum
512 1688 574 1728 esse
597 1667 751 1746 Trojanos‚
773 1668 901 1743 duobus,
923 1671 1045 1732 Aeneae

135 1745 359 1825 Antenorique,
381 1756 410 1807 et
431 1747 543 1808 vetusti
562 1749 633 1827 jure
658 1747 781 1828 hospitii
809 1758 840 1810 et
864 1751 937 1829 quia
961 1753 1045 1830 pacis

135 1827 368 1905 reddendaeque
383 1827 520 1888 Helenae
533 1849 650 1906 semper
664 1839 801 1888 auctores
813 1829 945 1904 fuerunt,
956 1853 1045 1892 omne

139 1910 190 1990 jus
213 1908 288 1968 belli
309 1908 445 1968 Achivos
467 1908 663 1980 abstinuisse;
685 1908 805 1969 casibus
825 1910 934 1972 deinde
949 1913 1041 1973 variis
1078 1914 1098 1975 5

135 1990 326 2050 Antenorem
349 2009 419 2048 curn
442 1989 651 2056 multitudine
661 1986 805 2063 Enetum,
824 1991 877 2071 qui
898 1993 1045 2053 seditione

135 2093 174 2132 ex
189 2071 404 2151 Paphlagonia
418 2069 498 2148 pulsi
513 2080 544 2130 et
557 2069 641 2129 sedes
660 2078 691 2130 et
712 2070 830 2144 ducem,
846 2093 915 2151 rege
936 2072 1043 2152 Pylae-

134 2173 222 2212 mene
237 2152 276 2212 ad
293 2151 415 2231 Trojam
438 2152 555 2222 amisso,
570 2151 765 2229 quaerebant,
782 2153 896 2212 venisse
920 2153 951 2212 in
975 2154 1044 2214 iuti·

134 2254 219 2293 mum
234 2232 390 2294 Adriatici
411 2233 503 2291 maris
524 2232 634 2303 sinum,
651 2231 874 2311 Euganeisque,
889 2233 941 2312 qui
963 2234 1043 2293 inter

134 2335 217 2374 mare
234 2314 388 2394 Alpesque
403 2312 585 2384 incolebant,
602 2312 695 2390 pulsis
711 2311 824 2372 Enetos
838 2312 1043 2392 Trojauosque
1059 2314 1098 2376 10

133 2415 183 2455 eas
197 2397 329 2456 tenuisse
351 2404 453 2455 terras.
496 2393 539 2452 Et
559 2394 590 2452 in
613 2414 701 2472 quern
724 2393 821 2471 primo
842 2394 951 2472 egressi
971 2404 1043 2455 suut

133 2475 245 2550 locum,
264 2477 355 2557 'froja
369 2487 507 2545 vocatur,
529 2495 667 2554 pagoque
688 2472 819 2552 Trojano
841 2473 912 2533 inde
933 2495 1042 2534 nomen

133 2571 187 2631 est,
215 2580 289 2638 gens
317 2559 459 2618 universa
487 2555 599 2616 Veneti
628 2554 784 2633 appellati.
834 2553 973 2614 Aeneam
1002 2554 1042 2615 ab

133 2640 227 2700 simili
248 2640 335 2700 clade
356 2639 445 2698 domo
466 2635 639 2716 profugum,
660 2634 712 2694 sed
738 2634 777 2693 ad
801 2635 917 2712 majora
941 2655 1041 2694 rerum

134 2719 222 2781 initia
237 2719 418 2782 ducentibus
434 2719 512 2790 fatis,
527 2717 625 2795 primo
640 2715 670 2774 in
687 2715 901 2774 Macedoniam
916 2716 1040 2788 venisse,
1057 2716 1095 2776 15

133 2801 204 2862 inde
219 2803 251 2861 in
266 2801 402 2862 Siciliam
415 2806 609 2878 quaerentem
623 2795 706 2854 sedes
721 2795 867 2867 delatum,
880 2793 919 2855 ab
935 2795 1042 2856 Sicilia

134 2881 227 2942 classe
242 2883 281 2942 ad
297 2882 482 2941 Laurentem
497 2898 604 2956 agrum
627 2876 765 2936 tenuisse.
807 2875 899 2953 Troja
919 2885 950 2934 et
970 2874 1042 2936 huic

133 2960 199 3022 loco
222 2983 330 3022 nomen
354 2971 406 3020 est.
450 2957 500 3017 Ibi
521 2958 630 3035 egressi
654 2955 787 3034 Trojani,
812 2964 847 3015 ut
869 2954 978 3034 quibus
1001 2955 1041 3016 ab

134 3042 268 3104 inmenso
292 3062 386 3121 prope
410 3059 510 3099 errore
535 3038 614 3097 nihil
640 3046 760 3115 praeter
784 3056 869 3096 arma
894 3045 924 3096 et
948 3056 1041 3097 naves

133 3133 307 3202 superesset,
328 3142 396 3181 cum
421 3119 564 3198 praedam
588 3139 626 3178 ex
650 3117 731 3195 agris
751 3125 885 3195 agerent,
908 3116 1040 3176 Latinus
1056 3117 1095 3179 20

134 3223 186 3263 rex
211 3203 465 3281 Aboriginesque,
491 3199 542 3277 qui
568 3207 633 3257 tum
662 3218 698 3256 ea
725 3196 870 3257 tenebant
898 3195 974 3268 loca,
1000 3196 1040 3256 ad

134 3284 294 3344 arcendam
322 3283 386 3343 vim
422 3279 609 3340 advenarum
638 3278 750 3336 armati
778 3297 816 3335 ex
846 3275 920 3335 urbe
948 3288 1040 3354 atque

134 3365 212 3442 agris
234 3371 429 3424 concurrunt.

172 3444 298 3524 Duplex
320 3442 391 3501 inde
413 3440 495 3505 fama
516 3446 569 3497 est.
611 3435 679 3496 Alii
693 3433 809 3513 proelio
823 3432 940 3490 victum
955 3430 1039 3488 Lati-

133 3543 204 3583 num
220 3545 325 3603 pacem
347 3542 415 3581 cum
431 3517 547 3589 Aenea,
562 3515 672 3575 deinde
692 3512 881 3572 adfinitatem
899 3509 1038 3584 junxisse
1054 3507 1093 3564 25

230 3618 367 3678 ‘t-Livy.
739 3669 741 3675 y
930 3599 958 3645 ¹7
