2568 3782
396 231 528 278 mssa
553 230 665 294 xxrr,
693 213 822 277 30-31.
1045 211 1110 276 178

154 411 239 451 mum
265 389 409 449 laudibus
433 388 473 448 ad
497 387 615 448 eaelum
641 387 726 448 ferre.
769 386 832 447 Par
851 386 950 466 gloria
973 387 1057 467 apud

154 469 368 530 Hannibalem
383 468 665 547 hostisque-Poenos
686 477 767 541 erat3
789 488 825 528 ac
846 477 912 528 tum
934 468 1056 529 demum

154 552 267 611 sentire
292 570 360 610 cum
388 549 533 610 Romanis
558 559 650 628 atque
669 548 702 608 in
724 548 818 609 Italia
839 547 955 608 bellum
978 569 1057 621 esse;

155 652 226 691 nam
249 630 372 690 biennio
393 639 464 690 ante
485 630 562 690 adeo
575 640 605 690 et
619 630 711 690 duces
733 629 886 690 Romanos
900 639 930 689 et
945 629 1057 690 milites

154 721 341 790 spreverant,
367 719 402 770 ut
426 710 480 771 vix
508 732 578 771 cum
605 709 710 770 eadem
739 720 829 789 gente
856 710 970 770 bellum
995 729 1058 771 esse
1092 711 1112 770 5

155 793 321 864 crederent,
344 791 429 870 cujus
450 791 616 851 terribilem
638 790 752 851 famam
774 810 794 851 a
814 791 951 869 patribus
975 811 1059 851 aoce-

155 873 277 952 pissent.
331 871 540 932 Hannibalem
568 891 687 950 quoque
713 892 753 932 ex
787 871 853 931 acie
881 872 1057 932 redeuntem

155 952 267 1013 dixisse
288 953 399 1026 ferunt,
421 952 544 1012 tandem
569 971 633 1011 eam
660 952 783 1025 nubem,
803 971 882 1032 quae
902 952 1004 1011 sedere
1025 953 1057 1011 in

156 1035 247 1112 jugis·
260 1034 409 1093 montium
431 1033 522 1092 solita
543 1032 591 1105 sit,
611 1052 681 1091 cum
702 1031 839 1111 procella
859 1031 988 1092 imbrem
1009 1032 1088 1171 de·1

155 1113 240 1175 disse.
1092 1113 1112 1173 0

195 1193 327 1255 XXXI.
371 1193 455 1253 Dum
476 1194 552 1254 haec
573 1202 722 1272 geruntur
743 1193 773 1252 in
796 1191 899 1266 Italia,
914 1191 970 1254 On.
992 1193 1057 1254 Ser-

146 1275 245 1336 'vilius
268 1274 416 1336 Geminus
438 1274 552 1346 consul,
567 1294 637 1333 eum
659 1273 752 1333 classe
763 1273 912 1414 &centum
926 1274 1055 1354 viginti]

154 1356 279 1416 navium
302 1355 523 1416 circumvectus
545 1353 705 1414 Sardiniae
720 1362 750 1413 et
783 1354 904 1415 'orsieae
919 1375 1013 1428 oram,
1028 1363 1059 1416 et

154 1434 309 1496 obsidibus
331 1436 485 1514 utrimque
507 1435 646 1513 acceptis,
661 1435 694 1494 in
709 1433 849 1493 Africam
871 1435 1057 1507 transmisit;

154 1525 192 1590 et,
217 1516 396 1594 priusquam
419 1516 451 1590 in
477 1515 683 1576 continentem
707 1515 908 1575 escensionem
933 1516 1057 1589 iaceret,
1074 1515 1112 1575 15

154 1596 277 1676 Menige
292 1597 393 1656 insula
408 1603 537 1668 vastata,
554 1604 586 1656 et
606 1594 647 1655 ab
667 1594 870 1656 incolentibus
888 1595 1058 1670 Cercinam,

153 1687 242 1737 nect
263 1677 397 1756 ipsorum
424 1685 563 1736 ureretur
587 1675 831 1755 diripereturque
851 1695 931 1754 ager,
953 1677 1059 1738 decem

153 1757 277 1818 talentis
302 1757 421 1836 argenti
446 1757 586 1836 acceptis,
608 1756 648 1816 ad
673 1757 766 1817 litora
785 1756 912 1816 Africae
932 1758 1059 1818 sesessit

154 1838 315 1917 copiasque
343 1836 492 1917 exposuit
536 1836 614 1897 Inde
642 1837 682 1897 ad
710 1837 927 1916 populandum·
949 1858 1057 1917 agrum

154 1918 238 1978 ducti
255 1918 375 1992 milites,
390 1917 580 1996 navalesque
589 1917 662 1978 socii
673 1919 766 1996 juxte
779 1917 875 1990 effusi,
890 1938 927 1978 ac
947 1918 973 1978 si
995 1918 1057 1997 [in]
1074 1919 1113 1981 20

153 1998 261 2058 insulis
276 1998 429 2061 cultorum
450 1997 609 2078 egentibus
630 1998 859 2078 praedarentur.
902 1998 1014 2078 Itaque
1026 2001 1059 2059 in

153 2079 278 2140 insidias
300 2089 411 2140 temere
432 2079 532 2152 inlati,
548 2099 619 2140 cum
645 2100 664 2138 a
689 2079 899 2157 frequentibus
919 2079 1059 2159 palantes

153 2179 188 2220 ac
209 2159 348 2220 locorum
371 2161 471 2240 ignari
496 2182 516 2220 a
540 2161 644 2239 gnaris
666 2161 969 2235 circumvenirentur,
989 2181 1058 2222 cum

152 2240 252 2300 multa
272 2239 363 2300 caede
383 2257 419 2301 ao
440 2241 530 2302 foeda
551 2242 624 2320 fuga
645 2251 726 2301 retro
747 2241 787 2302 ad
808 2262 906 2302 naves
920 2243 1059 2322 conpulsi

44 2379 49 2388 ,
152 2329 247 2380 sunt.
276 2319 327 2379 Ad
343 2321 427 2380 mille
442 2322 609 2395 hominum,
621 2341 690 2382 oum
706 2322 743 2381 iis
756 2321 934 2402 Sempronio
949 2322 1059 2384 Blaeso
1074 2323 1113 2385 25

153 2409 312 2480 quaestore
332 2403 451 2474 amisso,
467 2403 578 2475 classis,
594 2402 634 2463 ab
656 2403 797 2464 litoribus
812 2403 945 2465 hostium
964 2405 1060 2485 plenis

153 2481 273 2560 trepide
293 2481 401 2554 soluta,
418 2483 449 2541 in
471 2481 608 2544 Siciliam
626 2502 747 2545 cursum
762 2485 870 2555 tenuit,
886 2487 1060 2566 traditaque
1172 2542 1175 2546 .

153 2561 297 2640 Lilybaei
316 2561 349 2622 Τ.
365 2562 500 2623 Otacilio
526 2566 669 2643 praetori,
692 2575 727 2626 ut
751 2566 791 2627 ab
817 2565 918 2646 legato
939 2569 1003 2647 ejus
1024 2567 1058 2627 P.

153 2641 261 2702 Cincio
276 2642 405 2702 Romam
421 2645 624 2706 reduceretur.
668 2645 745 2725 Ipse,
758 2668 813 2726 per
826 2645 963 2708 Siciliam
978 2648 1060 2726 pedi-

153 2721 210 2782 bus
235 2724 409 2801 profectus,
423 2725 500 2786 freto
527 2726 557 2784 in
585 2725 711 2788 Italiam
736 2728 866 2807 trajecit,
888 2727 998 2788 litteris
1020 2728 1058 2804 Q.
1075 2727 1114 2788 30

154 2801 246 2862 Fabii
267 2802 384 2863 accitus
404 2814 434 2864 et
457 2807 520 2886 ipse
541 2815 572 2866 et
594 2807 805 2888 conlegaejus
827 2809 868 2869 M.
884 2809 1010 2881 Atilius,
1025 2819 1060 2868 ut

154 2884 306 2976 exercitus
327 2883 366 2943 ab
384 2905 423 2960 se,
440 2897 548 2948 exacto
565 2887 631 2968 jam
652 2908 746 2968 prope
766 2889 902 2948 semestri
922 2889 1059 2968 imperio,

155 2974 336 3042 acciperent.
975 2997 977 3004 ⁴

193 3043 352 3105 Omnium‘
358 3068 451 3126 prope
466 3048 591 3108 annales
606 3049 738 3110 Fabium
754 3050 934 3112 dictatorem
953 3052 1059 3113 adv'erss

155 3144 205 3185 sus
220 3123 431 3186 Hannibalem
447 3149 509 3188 rem
524 3129 647 3207 gessisse
661 3131 788 3192 tradunt
797 3153 804 3203 ;
827 3130 949 3191 Coelius
966 3133 1059 3192 etiam
1074 3129 1113 3190 35

155 3207 381 3284 cumprimum
403 3229 421 3267 a.
442 3209 554 3287 populo
580 3219 717 3270 'creatum
740 3211 919 3272 dictatorem
943 3212 1060 3272 scribit:

156 3285 261 3346 Sed-et
275 3287 412 3348 Obelium
435 3298 465 3349 et
485 3299 599 3349 ceteros
619 3291 707 3368 fugit,
722 3292 777 3350 uni
792 3292 909 3351 consuli
923 3291 978 3352 On.
994 3291 1059 3352 Ser-

156 3367 240 3440 vilio,
255 3369 309 3446 qui
324 3376 390 3428 tum
405 3368 511 3446 procul
527 3369 559 3428 in
574 3367 680 3429 Gallia
701 3370 861 3448 prouincia
881 3370 996 3441 aberat,
1007 3372 1060 3447 jus¹

156 3447 247 3508 fuisse
267 3447 390 3508 dicendi
410 3447 707 3530 dictatorisegquam»
722 3464 847 3508 murem«
860 3448 1061 3525 quis-expes*
