2562 3788
402 254 538 299 arnan
564 253 678 317 xxm,
706 236 836 298 49-50.
1053 236 1117 300 193

147 413 198 472 *ad
226 411 350 482 Cannas
378 409 546 488 fugientem
574 408 729 470 consulem
757 409 812 469 vix
840 407 1064 487 quinquaginta

158 492 253 554 secuti
275 499 358 564 sunt,
375 490 500 550 alterius
521 490 677 550 morientis
698 509 791 568 prope
811 498 893 549 totus
914 489 1065 548 exercitus

158 572 225 633 fuit.

199 653 286 713 Binis
315 652 348 711 iu
377 650 483 711 castris
512 671 579 710 cum
611 648 776 709 multitudo
804 648 970 709 semiermis
1000 649 1064 708 sine

158 734 289 794 ducibus
309 741 394 804 esset,
411 731 552 791 nuntium
576 730 680 809 quiin
703 729 868 808 majoribus
890 738 977 788 erant
998 729 1066 789 mit·
1100 729 1119 790 5

158 823 237 886 tunt,
253 814 347 873 ‘dum
361 811 486 891 proelio,
499 811 609 871 deiude
623 830 662 869 ex
678 810 796 869 laetitia
810 809 907 888 epulis
922 809 1065 888 fatigatos

159 896 243 974 quies
264 902 415 954 nocturna
437 892 536 952 hostes
559 897 717 970 premeret,
732 899 767 950 ut
784 889 823 948 ad
838 909 868 949 se
883 890 1064 950 transirent:

159 995 220 1034 uno
241 975 364 1053 agmine
385 973 551 1034 Canusium
575 971 711 1031 abituros
732 970 812 1030 esse*
855 969 934 1029 Eam
949 979 1065 1029 senten·

159 1055 233 1115 tiam
259 1055 314 1114 alii
338 1063 435 1115 totam
459 1052 634 1132 aspernari:
658 1057 730 1110 ‘cur
752 1051 833 1111 enim
858 1049 937 1122 illos,
958 1050 1011 1129 qui
1035 1070 1067 1110 se

159 1144 320 1201 arcessant.
335 1136 415 1214 ipsos
430 1155 489 1194 non
506 1133 618 1205 venire,
636 1152 706 1191 cum
728 1151 823 1210 aeque
844 1131 986 1210 conjungi
1000 1151 1065 1210 pos·
1081 1131 1120 1194 10

158 1217 245 1276 sent?
266 1216 340 1294 quia
354 1215 496 1276 videlicet
518 1213 609 1293 plena
633 1211 765 1272 hostium
788 1211 891 1271 omnia
911 1210 943 1270 in
965 1212 1065 1272 medio

159 1304 264 1368 essent,
280 1306 311 1356 et
329 1296 461 1356 aliorum
481 1315 572 1374 quam
594 1313 650 1353 sua
672 1313 800 1371 corpora
820 1300 908 1351 tanto
929 1292 1065 1370 periculo

159 1377 287 1436 mallent
308 1376 443 1436 obicere?
487 1374 569 1436 Aliis
583 1395 645 1434 non
661 1383 726 1432 tam
739 1373 890 1432 sententia
904 1372 1065 1452 displicere

159 1477 250 1536 quam
265 1457 385 1516 animus
399 1456 508 1516 deesse.

200 1537 234 1597 P.
250 1537 444 1615 Sempronius
459 1536 629 1596 Tuditanus
653 1534 796 1596 tribunus
818 1535 952 1596 militum
969 1535 1119 1614 “capilli

159 1638 230 1696 ergo
243 1617 387 1678 mavultis
399 1617 415 1642 '¹
432 1617 532 1696 inquit
544 1622 561 1648 “
571 1617 610 1677 ab
623 1617 802 1677 avarissimo
815 1626 845 1676 et
857 1615 1065 1676 crudelissimo

159 1698 253 1770 hoste,
268 1698 480 1776 aestimarique
495 1697 597 1776 capita
614 1709 714 1758 vestra
730 1706 813 1756 etex
837 1697 895 1757 uiri
911 1699 1010 1777 pretia
1024 1696 1064 1756 ab

160 1777 425 1856 interrogantibus,
442 1778 598 1838 Romanus
614 1765 689 1838 civis
704 1777 744 1837 sis
760 1797 799 1837 au
814 1719 944 1838 iratinus
958 1778 1064 1849 socius,

160 1869 194 1919 ut
215 1879 254 1918 ex
276 1870 329 1918 tua
350 1858 534 1918 contumelia
556 1867 586 1917 et
609 1857 729 1918 miseria
751 1858 840 1918 alteri
861 1859 955 1920 honos
977 1879 1065 1937 quae-

159 1939 266 1999 ratur?
308 1938 377 1998 Nou
403 1947 446 2010 tu,
466 1938 492 1998 si
513 1938 635 2018 quidem
659 1938 695 1998 L.
719 1938 834 1998 Aemili
857 1939 997 2012 consulis,
1012 1939 1066 2019 qui
1080 1939 1119 2003 20

158 2037 189 2079 se
214 2019 290 2079 bene
316 2020 392 2079 mori
417 2040 509 2097 quam
534 2019 666 2098 turpiter
693 2018 796 2079 vivere
821 2019 940 2092 maluit,
966 2029 996 2080 et
1019 2029 1066 2080 tot

159 2098 391 2160 fortissimorum
411 2101 555 2171 virorum,
578 2099 630 2179 qui
657 2099 828 2160 circaeam
851 2100 1000 2161 cumulati
1020 2101 1066 2179 ja·

159 2189 236 2252 cent,
255 2181 335 2240 cives
356 2181 434 2240 estis.
476 2179 535 2239 Sed
565 2190 730 2258 antequam
751 2180 898 2258 opprimit
924 2181 978 2241 lux
1004 2201 1065 2242 ma-

159 2259 288 2339 joraque
302 2259 434 2320 hostium
449 2259 573 2338 agmina
589 2258 770 2339 obsaepiunt
784 2261 850 2333 iter,
866 2262 997 2339 pathos,
1011 2262 1065 2340 qui

159 2341 325 2400 inordinati
347 2351 438 2419 atque
453 2341 635 2418 inconpositi
653 2341 833 2420 obstrepunt
848 2342 950 2420 portis,
966 2362 1063 2402 erum·
1079 2344 1118 2405 25

158 2441 275 2499 pamus.
318 2420 413 2480 Ferro
441 2430 531 2498 atque
561 2420 691 2480 audacia
713 2421 765 2482 via
790 2421 824 2481 fit
849 2423 1065 2502 quamvisper

158 2503 307 2561 confertos
336 2501 437 2561 hostis.
479 2499 584 2560 Cuneo
610 2501 733 2580 quidem
759 2501 816 2561 hoc
839 2502 946 2562 laxum
973 2514 1065 2583 atque

157 2581 291 2641 solutum
313 2602 431 2660 agmen,
448 2590 482 2642 ut
502 2581 527 2640 si
550 2580 630 2640 nihil
653 2581 759 2655 obstet,
782 2581 911 2643 disicias.
954 2583 1064 2663 Itaque

158 2661 198 2722 ite
227 2682 354 2733 meeum,
380 2663 433 2740 qui
461 2672 491 2722 et
517 2670 633 2736 vosmet
662 2662 741 2742 ipsos
766 2672 796 2723 et
819 2683 883 2723 rem
908 2663 1063 2743 publicam

156 2743 276 2803 salvam
297 2742 420 2802 vultis.'’
1078 2744 1118 2806 30

198 2822 286 2883 Haeo
308 2822 362 2883 ubi
383 2822 467 2882 dicta
488 2821 582 2895 dedit,
597 2822 720 2902 stringit
740 2821 888 2902 gladium,
908 2845 1064 2904 cuneoque

157 2903 237 2963 facto
257 2924 312 2982 per
335 2903 447 2963 medios
463 2903 551 2964 vadit
572 2903 683 2974 hostis;
705 2913 819 2963 etcum
839 2903 870 2963 iu
891 2903 972 2966 latus
992 2906 1064 2966 dex·

157 2991 249 3055 trum,
261 2984 342 3062 quod
357 2983 491 3062 patebat,
508 2981 661 3043 Numidae
671 2983 892 3062 jacularentur,
908 2985 1064 3047 translatis

157 3070 189 3123 in
217 3064 361 3125 dextrum
389 3065 491 3137 scutis,
517 3063 547 3122 in
577 3065 693 3143 majora
717 3075 817 3124 castra
843 3065 883 3124 ad
907 3075 1064 3126 sexcentos

157 3156 329 3216 evaseruut,
353 3155 445 3222 atque
467 3143 538 3203 inde
559 3145 705 3222 protinus,
727 3144 789 3205 alio
810 3165 921 3223 magno
942 3146 1064 3224 agmine
1078 3144 1117 3206 35

156 3225 312 3305 adjuncto,
341 3224 508 3285 Canusium
539 3223 704 3284 incolumes
733 3226 924 3303 perveniunt.
974 3224 1063 3286 Haeo

156 3306 239 3384 apud
256 3306 351 3366 victos
367 3305 463 3383 magis
478 3304 593 3383 impetu
609 3305 790 3376 animorum,
802 3325 891 3382 quem
907 3305 1062 3382 ingenium

155 3377 245 3446 suum
261 3386 371 3464 cuique
386 3394 439 3443 aut
450 3385 511 3443 fors
526 3383 628 3454 dabat,
639 3403 730 3460 quam
742 3403 781 3450 ex
792 3382 917 3452 consilio
928 3383 1063 3471 ipsorum

156 3476 211 3527 aut
226 3464 548 3590 irqperiqflcujusquam
563 3461 741 3539 agebantur,

276 3547 281 3562 “
298 3569 332 3580 -
360 3555 413 3604 rvy.
