2562 3788
143 203 208 268 204
311 221 402 268 1111
428 222 525 271 nrvr
553 221 608 268 aa
634 222 751 271 vana
781 224 972 273 11111111

195 377 351 440 obsidione
372 378 604 450 circumventas„
615 379 776 458 legiones,''
791 382 816 442 si
835 381 893 443 hoc
910 383 945 444 P.
961 383 1105 466 Sempro·

195 461 264 520 nius
285 459 408 534 diceret,
429 480 484 519 nec
506 460 587 521 viros
608 464 768 539 quisquam
791 483 846 522 nec
869 464 1025 526 Romanos
1047 489 1103 528 vos

195 539 327 612 duceret,
355 541 380 600 si
409 560 498 600 nemo
525 549 629 600 tantae
658 542 781 602 virtutis
809 544 959 604 extitisset
991 567 1102 608 comes.

195 619 289 681 Viam
304 641 363 680 non
379 620 419 680 ad
433 620 562 699 gloriam
578 621 675 700 magis
688 642 780 701 quam
800 623 839 682 ad
858 619 989 684 salutem
1004 625 1103 686 feren·

161 700 256 761 litem
277 701 480 773 demonstran
502 701 625 761 reduces
640 703 671 760 in
687 703 828 780 patriam,
844 704 884 764 ad
898 707 1045 783 parentis,
1059 708 1102 768 ad

194 783 336 860 conjuges
350 802 386 841 ac
401 780 511 841 liberos
532 782 615 842 l'acit.
659 781 706 843 Ut
725 785 898 856 servemini,
914 785 998 846 deest
1012 787 1102 848 vobis

193 862 330 922 animus:
352 861 435 940 quid,
457 863 482 922 si
503 862 695 922 moriendum
716 883 772 941 pro
792 865 894 942 patria
915 874 1001 939 esset,
1022 867 1102 928 face·

193 943 285 1002 retis?
320 943 554 1021 Quinquaginta
565 943 652 1002 milia
666 943 781 1004 civium
795 945 1005 1025 sociorumque
1017 947 1101 1009 circa

192 1044 246 1084 vos
260 1043 294 1083 eo
309 1023 373 1101 ipso
388 1023 437 1084 die
451 1043 538 1083 caesa
555 1024 667 1102 jacent.
709 1023 742 1084 si
758 1033 804 1085 tot
818 1026 959 1104 exempla
975 1027 1101 1089 virtutis

139 1100 177 1162 10
192 1124 253 1163 non
267 1111 399 1176 movent,
413 1104 492 1163 nihil
507 1124 653 1182 umquam
668 1105 803 1166 movebit
812 1127 819 1178 ;
840 1105 866 1164 si
886 1115 973 1166 tanta
996 1107 1099 1169 clades

191 1184 285 1246 vilem
306 1184 403 1245 vitam
427 1205 488 1244 non
512 1185 594 1258 fecit,
618 1185 707 1245 nulla
731 1185 831 1246 faciet.
873 1185 979 1246 Liberi
1004 1197 1100 1268 atque

190 1264 356 1325 incolumes
370 1265 538 1325 desiderate
551 1266 701 1345 patriam!
723 1266 816 1326 immo
832 1266 1009 1340 desiderate,
1021 1269 1098 1329 dum

190 1346 290 1425 patria
304 1355 357 1418 est,
369 1344 442 1406 dum
457 1345 537 1406 cives
552 1347 614 1426 ejus
629 1346 716 1406 estis!
730 1367 796 1407 sero
811 1366 893 1407 nuno
908 1347 1097 1424 desideratis,

101 1481 103 1488 ,
190 1426 340 1486 deminuti
350 1425 458 1504 capite,
468 1425 642 1488 abalienato
653 1427 724 1505 jure
737 1427 860 1500 civium,
871 1428 952 1488 servi
966 1427 1097 1490 Cartha

137 1503 175 1564 15
189 1506 371 1586 giniensium
399 1507 482 1567 facti
538 1505 641 1567 Pretio
676 1507 804 1567 redituri
834 1508 904 1569 estis
939 1529 983 1580 ec,
1012 1510 1096 1572 unde

188 1587 313 1666 ignavia
334 1607 370 1646 ac
391 1587 527 1665 nequitia
548 1586 674 1647 abistis?
716 1587 749 1647 P.
765 1587 978 1666 Sempronium
994 1590 1095 1652 civem

189 1677 321 1728 vestrum
338 1687 399 1727 non
413 1667 541 1726 audistis
560 1687 647 1728 arma
661 1688 767 1747 capere
787 1687 825 1727 ao
845 1669 929 1746 sequi
943 1689 974 1728 se
985 1669 1095 1748 juben·

187 1756 266 1820 tem3
288 1747 498 1807 Hannibalem
513 1757 580 1826 post
594 1749 688 1827 paulo
702 1748 830 1808 audistis
845 1759 944 1808 castra
958 1750 1094 1828 prodiet

187 1849 273 1888 arma
295 1828 375 1887 tradi
392 1827 560 1907 jubentem.
619 1828 808 1910 Quamquam
854 1849 919 1907 ego⁴
934 1829 1092 1907 ignaviam

134 1907 313 1968 mistorum
338 1928 455 1980 accuso,
478 1928 548 1968 cum
572 1909 669 1970 scelus
691 1909 803 1988 possim
825 1929 977 1970 accusare.
1019 1910 1093 1972 Non

186 1989 275 2048 modo
304 1988 384 2048 enim
412 1989 498 2067 sequi
525 1999 705 2050 recusarunt
733 1989 809 2049 bene
833 1999 1016 2064 monentem,
1038 1992 1093 2052 sed

186 2068 330 2129 obsistere
351 2090 388 2130 ac
411 2071 542 2129 retinere
567 2071 668 2129 conati
691 2080 772 2143 sunt,
792 2069 826 2138 ni
846 2070 959 2130 strictis
979 2071 1093 2149 gladiis

186 2149 245 2209 viri
266 2149 423 2209 fortissimi
443 2150 548 2210 inertis
569 2149 799 2211 submovissent.
841 2149 940 2223 Prius,
955 2151 1092 2230 inquam,

186 2228 220 2289 P.
242 2228 421 2308 Sempronio
441 2251 497 2308 per
517 2231 632 2291 civium
653 2251 763 2310 agmen
783 2252 874 2310 quam
889 2252 942 2310 per
956 2231 1091 2294 hostium

132 2309 171 2368 25
185 2309 245 2368 fuit
259 2311 488 2388 erumpendum.
531 2311 598 2371 Hos
613 2312 695 2372 cives
709 2313 810 2391 patria
827 2311 999 2372 desideret?
1019 2333 1092 2392 quo-

184 2411 252 2450 rum
273 2391 299 2450 si
320 2392 413 2451 ceteri
433 2392 545 2452 similes
566 2391 703 2466 fuissent,
719 2393 869 2452 neminem
887 2392 977 2452 hodie
993 2413 1033 2452 ex
1053 2393 1091 2454 iis

184 2471 236 2550 qui
266 2471 305 2531 ad
333 2470 455 2533 Cannas
483 2482 700 2552 pugnaverunt
728 2473 825 2533 civem
855 2471 989 2532 haberet.
1036 2473 1089 2533 Ex

183 2551 309 2612 milibus
333 2563 446 2633 septem
467 2563 656 2614 armatorum
681 2553 807 2614 sescenti
833 2552 1010 2626 extiterunt,
1034 2554 1089 2632 qui

184 2653 342 2712 erumpere
376 2635 531 2707 auderent,
560 2635 616 2714 qui
645 2634 677 2693 in
707 2633 839 2716 patriam
873 2630 961 2693 liberi
996 2644 1089 2713 atque

131 2712 170 2772 30
183 2715 294 2774 armati
308 2714 451 2787 redirent,
465 2735 563 2794 neque
584 2714 632 2774 his
653 2712 794 2774 sescentis
813 2713 911 2773 hostes
926 2711 1068 2786 obstitere
1080 2736 1088 2788 ;

183 2815 275 2873 quam
299 2805 400 2856 tutum
426 2797 483 2855 iter
508 2798 638 2856 duarum
667 2815 761 2874 prope
789 2793 942 2873 legionum
972 2795 1096 2872 agmini-

182 2877 321 2935 l'uturum
349 2877 475 2936 censetis
502 2876 615 2937 fuisse?
665 2875 830 2935 Haberetis
859 2874 949 2933 hodie
977 2874 1089 2952 viginti

181 2956 269 3015 milia
293 2967 480 3016 armatorum
502 2956 615 3016 Canusi
640 2957 740 3028 fortia,
763 2955 875 3026 fidelia,
897 2964 998 3032 patres
1019 2975 1088 3015 con-

181 3037 295 3114 scripti.
338 3037 651 3116 Nuncautemquem
667 3035 845 3098 admodum
868 3034 900 3093 111
923 3032 994 3094 boni
1017 3035 1088 3096 fido·

128 3114 167 3172 35
182 3116 284 3193 lesque
305 3122 390 3194 (nam
414 3122 431 3148 “
442 3117 560 3176 fortes''
576 3137 614 3176 ne
628 3118 685 3196 ipsi
700 3117 822 3195 quidem
839 3115 990 3191 dixerint)
1007 3115 1094 3190 cives,

180 3215 242 3253 esse
262 3197 408 3272 possunt?
449 3196 518 3254 Nisi
539 3197 606 3274 quis
628 3197 749 3256 credere
770 3205 877 3274 potest,
901 3195 1099 3256 1111111111γ

179 3274 417 3350 erumpentibus,
438 3275 500 3352 qui,
522 3275 560 3334 ne
584 3284 786 3352 erumperent,
810 3273 955 3334 obsistere
984 3277 1093 3348 conati·

178 3361 259 3421 suut,
284 3362 338 3410 aut
363 3373 423 3410 non
448 3353 585 3413 invidere
609 3374 658 3414 eos
683 3375 753 3414 cum
782 3354 989 3424 incolumitati
1020 3367 1093 3428 turn¹

178 3429 294 3504 gloriae
308 3428 431 3488 illorum
445 3449 499 3508 per
507 3429 652 3496 virtutem
664 3443 779 3512 partae,
790 3453 859 3492 cum
874 3433 932 3504 sibi
944 3434 1095 3507 timorem.

138 3507 164 3567 Ι0
179 3506 394 3584 ignaviamque
420 3509 575 3570 servitutis
609 3511 828 3590 ignominiosae
857 3533 1093 3588 ‚causam-,esse
