2568 3782
354 273 358 282 .
428 241 562 292 ursan
586 242 703 310 xxrr,
730 227 817 294 3-4.
1055 231 1119 298 14⁷!

163 401 384 484 perpopuletur
399 401 532 475 ltaliam,
547 401 756 482 vastandoque
776 411 807 464 et
826 402 942 464 urendo
963 404 1066 465 omnis

164 485 204 544 ad
229 485 371 544 Romana
396 485 514 543 moenia
539 484 714 562 perveniam
742 503 798 543 nec
821 495 893 544 ante
917 504 971 544 nos
994 484 1066 546 hine

165 565 349 623 moverimus
370 584 471 642 quam,
485 565 565 624 sieut
586 564 659 624 olim
681 563 846 624 Camillum
867 564 907 624 ab
921 563 1016 636 Veiis,
1031 564 1065 626 0.

166 643 354 702 Flaminium
383 644 422 703 ab
451 645 574 704 Arretio
603 655 704 729 patres
731 644 927 704 acciverint.'’
979 645 1066 706 Haec

165 725 256 782 simul
271 725 438 802 increpans,
453 745 523 784 cum
544 725 628 784 ocius
647 725 735 803 signa
756 724 886 784 convelli
901 724 1022 803 juberet
1036 736 1066 786 et
1100 729 1120 789 5

166 805 229 882 ipse
250 805 281 862 in
304 825 389 862 ecum
413 804 586 877 insiluisset,
601 825 670 864 ecus
691 817 815 883 repente
828 805 948 864 conruit
962 825 1066 866 consu·

166 883 286 962 lemque
300 884 418 962 lapsum
430 905 521 964 super
531 895 624 963 caput
635 885 749 945 effudit.
790 883 917 944 Territis
927 885 1067 947 omnibus

166 964 218 1042 qui
234 966 316 1022 circa
331 975 417 1024 erant
431 965 517 1025 velut
531 965 618 1024 foedo
633 967 734 1024 omine
747 965 937 1044 incipiendae
955 966 1007 1038 rei,
1023 966 1067 1026 in-

165 1065 256 1122 super
271 1045 439 1117 nuntiatur‚
452 1047 584 1124 signum,
600 1046 683 1105 omni
697 1046 739 1106 vi.
750 1046 893 1106 moliente
913 1046 1066 1124 signifero,

166 1124 298 1184 convelli
313 1126 444 1203 nequire.
486 1126 656 1186 Conversus
677 1126 717 1186 ad
739 1126 879 1185 nuntium
896 1130 997 1186 “num
1018 1127 1067 1186 lit·
1082 1130 1121 1192 10

166 1214 245 1264 teras
259 1225 378 1284 qnoque
387 1206 404 1230 ''
420 1206 521 1284 inquit
536 1211 554 1237 “
562 1206 601 1266 ab
616 1218 722 1266 senatu
736 1206 845 1279 adfers,
857 1225 935 1285 quae
945 1226 1066 1267 merem

166 1305 269 1364 gerere
284 1287 411 1346 vetent?
452 1287 525 1360 Abi,
540 1287 658 1360 nuntia,
674 1287 817 1347 effodiant
838 1287 968 1366 signum,
982 1287 1008 1346 si
1026 1286 1066 1347 ad

167 1366 401 1426 convellendum
417 1387 524 1427 manus
538 1387 612 1446 prae
628 1378 709 1427 metu
724 1367 973 1446 obtorpuerunt.''
1016 1366 1067 1426 In-

166 1447 275 1506 cedere·
296 1447 368 1507 inde
392 1468 501 1526 agmen
525 1448 633 1526 coepit,
652 1447 845 1526 primoribus,
864 1468 955 1526 super
974 1467 1067 1527 quam

166 1527 246 1608 quod
268 1527 471 1588 dissenserant
490 1527 531 1588 ab
552 1527 688 1600 consilio,
704 1529 817 1587 territis
837 1528 928 1588 etiam
950 1527 1067 1607 duplici
1082 1529 1121 1592 15

165 1609 314 1689 prodigio,
336 1609 434 1668 milite
454 1609 485 1667 in
507 1608 618 1687 vulgus
643 1608 723 1668 laeto
747 1608 860 1668 l'erocia
883 1609 978 1682 ducis,
997 1628 1067 1668 cum

164 1709 247 1767 spem
263 1688 360 1767 magis
374 1689 471 1767 ipsam
486 1709 576 1768 quarn
592 1709 716 1749 causam
729 1688 795 1766 spei
810 1688 986 1748 intueretur.

206 1768 264 1829 IV.
292 1769 468 1828 ¹Hannibal
497 1769 579 1848 quod
613 1769 681 1848 agri
715 1781 760 1828 est
794 1768 873 1828 inter
902 1767 1067 1828 Cortonam

165 1849 271 1908 urbem
299 1848 603 1929 Trasumennumque
637 1849 739 1909 lacum
767 1848 851 1908 omni
877 1848 966 1908 clade
994 1848 1067 1908 belli

165 1938 330 2008 persistat,
358 1949 417 2008 qno
446 1931 542 2008 magis
572 1931 650 1989 iram
685 1929 765 1989 hosti
799 1928 838 1990 ud
867 1928 1067 1989 vindicandus
1081 1933 1121 1994 20

165 2011 314 2070 sociorum
330 2010 457 2089 injurias
477 2020 586 2082 acuat;
609 2011 715 2089 etjam
730 2017 931 2088 pervenerant
945 2008 985 2067 ad
1000 2008 1067 2069 loca

165 2103 239 2150 nata
253 2091 381 2163 insidiis,
396 2091 449 2150 ubi
465 2091 599 2151 maxime
617 2100 734 2150 montes
748 2088 946 2149 Cortonenses
960 2087 1067 2148 Trasu-

165 2191 293 2230 mennus
307 2171 396 2231 subit.
420 2171 495 2232 ·Via
510 2181 630 2232 tantum
646 2171 770 2230 interest
780 2178 972 2247 perangusta,
985 2168 1069 2229 velut

165 2251 253 2311 adid
268 2253 367 2330 ipsum
382 2252 421 2312 de
434 2253 585 2312 industria
600 2251 706 2310 relicto
719 2251 835 2328 spatio;
851 2249 960 2308 deinde
974 2249 1067 2327 paulo

165 2331 259 2392 latior
282 2333 409 2410 patescit
433 2352 574 2411 campus;
597 2331 669 2391 inde
692 2331 783 2390 colles
805 2330 975 2407 insurgunt.
1018 2328 1067 2388 Ibi
1082 2333 1121 2396 25

165 2423 265 2472 castra
280 2413 312 2472 in
326 2427 431 2491 aperto
445 2413 536 2485 locat,
551 2413 604 2472 ubi
620 2412 683 2490 ipse
698 2431 768 2472 cum
783 2409 869 2469 Afris
890 2409 979 2469 modo
996 2407 1067 2470 His·

164 2493 314 2572 panisque
347 2493 533 2566 consideret;
568 2492 707 2552 Baliares
742 2499 933 2568 ceteramque
968 2490 1066 2550 levem

164 2584 354 2632 armaturam
382 2583 450 2652 post
477 2574 588 2634 montis
603 2623 607 2626 .
623 2571 841 2643 circumducit3
877 2570 993 2650 equites
1026 2569 1064 2630 ad

164 2653 245 2732 ipsas
259 2654 361 2714 fauces
375 2653 479 2725 saltus,
494 2653 622 2714 tumulis
636 2662 707 2732 apte
721 2650 902 2732 tegentibus
917 2651 1008 2723 locat,
1023 2659 1067 2724 ut,

164 2733 218 2800 ubi
228 2735 394 2794 intrassent
403 2734 680 2814 ,Romanisobjecto
695 2736 831 2813 equitatu
847 2731 951 2792 clausa
965 2731 1067 2792 omnia
1081 2735 1120 2797 30

164 2813 233 2874 lecu
250 2835 286 2873 ae
301 2814 455 2875 montibus
470 2823 575 2875 essent.

205 2893 378 2954 Flaminius
392 2915 470 2956 curn.
476 2895 575 2974 pridie
589 2894 661 2956 solis
674 2913 782 2955 occasu
797 2893 837 2952 ad
851 2892 953 2953 lacum
964 2913 1067 2971 perve-

165 2975 265 3048 nisset,
280 2975 472 3054 inexplorato
483 2985 600 3054 postero
612 2976 661 3035 die
670 2975 799 3037 vixdum
814 2974 887 3034 satis
901 2983 984 3033 certa
999 2973 1066 3033 luce

164 3056 313 3134 angustiis
327 3057 484 3134 superatis.
494 3068 655 3135 postquam
669 3055 700 3114 in
712 3054 912 3134 patentiorem
924 3073 1066 3131 campum

164 3135 260 3214 pandi
281 3155 390 3214 agmen
412 3136 520 3214 coepit,
535 3137 566 3195 id
581 3145 701 3196 tantum
719 3135 850 3194 hostium
866 3133 947 3212 quod
962 3153 1001 3191 ex
1015 3132 1066 3192 ad·
1080 3133 1119 3194 35

163 3235 252 3276 verso
266 3227 332 3276 erat
346 3217 522 3294 conspexit3
543 3216 583 3276 ab
598 3227 682 3294 tergo
703 3236 740 3276 ac
760 3234 850 3292 super
871 3221 964 3292 caput
983 3213 1066 3272 dece·

181 3311 236 3354 'ere
250 3295 387 3358 insidiae.
430 3296 550 3375 Poenus
565 3296 668 3368 ubi,·id
684 3295 764 3374 quod
780 3295 917 3372 petierat,
928 3291 1065 3352 clausum

158 3315 236 3434 llum
258 3397 293 3436 ac
314 3375 469 3436 montibus
489 3386 519 3435 et
540 3374 835 3435 circumfusumsuis
849 3372 942 3449 copiis
957 3369 1066 3430 habuit

158 3454 292 3530 hostem,
306 3457 429 3535 signum
440 3455 594 3516 omnibus·
604 3455 658 3514 dat
678 3453 771 3514 simul
785 3449 959 3512 invadendi.
1001 3447 1065 3524 Qui
