2568 3782
322 839 352 930 Τ
395 839 417 931 Ι
459 837 488 928 Τ
533 837 554 928 Ι
623 836 655 928 L
697 836 719 928 Ι
756 835 793 928 V
831 833 854 927 I

376 1064 436 1124 AB
458 1037 580 1124 ursan
603 1059 798 1123 sounrrn

326 1269 446 1320 LIBER
470 1267 674 1319 VIOESIMVS
695 1266 901 1318 SEGVNDVS.

175 1547 201 1608 Ι.
244 1546 319 1610 JAM
332 1567 387 1608 ver
401 1545 573 1626 adpetebat,
589 1555 681 1625 atque
699 1543 859 1606 Hannibal
881 1566 921 1608 ex
941 1545 1040 1612 hiber·

134 1627 182 1688 nis
203 1628 310 1700 movit,
331 1635 362 1688 et
383 1628 568 1706 nequiquam
589 1637 660 1686 ante
681 1636 807 1686 conatus
828 1626 1041 1688 transcendere

135 1708 336 1787 Apenninum
362 1707 560 1768 intolerandis
584 1707 757 1785 frigoribus,
778 1715 807 1767 et
828 1727 897 1767 eum
922 1705 1039 1786 ingenti

135 1789 273 1868 periculo
302 1796 437 1848 moratus
464 1807 500 1848 ae
528 1795 644 1866 metu..
680 1785 775 1858 Galli,
804 1807 878 1866 quos
906 1787 1039 1866 praedae

135 1867 429 1948 populationumque
451 1868 625 1928 conciverat
645 1888 721 1946 spes,
737 1876 896 1946 postquam
918 1887 1038 1946 proco,
1073 1869 1093 1929 5

135 1959 170 2008 ut
184 1949 242 2027 ipsi
258 1969 297 2007 ex
312 1947 411 2008 alieno
423 1969 496 2026 agro
507 1956 648 2026 raperent
662 1958 854 2026 agerentque,
865 1968 933 2007 suas
944 1957 1040 2007 terras
1086 1963 1090 1970 ’

136 2029 237 2090 aedem
250 2028 325 2088 belli
336 2047 398 2088 esse
409 2028 564 2106 premique
576 2028 732 2105 utriusque
744 2028 838 2105 partis
849 2027 1039 2088 exercituum

136 2108 273 2169 hibernis
288 2108 440 2179 viderunt,
455 2115 613 2169 verterunt
627 2117 707 2167 retro
722 2107 754 2166 iu
769 2107 977 2167 Hannibalem
1000 2106 1039 2168 ab

138 2189 286 2250 Romanis
307 2187 395 2260 odia;
416 2187 588 2267 petitusque
608 2207 696 2266 saepe
717 2187 891 2266 principum
912 2186 1038 2261 insidiis,

137 2270 273 2349 ipsorum
294 2268 373 2328 inter
393 2288 424 2328 se
444 2267 560 2339 fraude,
576 2267 681 2327 eadem
696 2267 829 2341 levitate,
845 2289 905 2347 qua
919 2288 1039 2328 consen·
1054 2271 1094 2333 10

137 2358 249 2422 serant,
284 2368 462 2409 consensum
496 2348 707 2421 indicantium,
735 2359 872 2409 servatus
906 2358 980 2422 erat,
1009 2358 1040 2409 et

138 2429 287 2491 mutando
303 2450 383 2490 nuno
398 2445 612 2502 vestem,nunc
626 2439 800 2507 tegumenta
815 2430 931 2510 eapitis,
941 2451 1041 2491 errore

138 2513 232 2572 etiam
253 2531 315 2570 sese
336 2509 375 2570 ab
397 2510 514 2570 insidiis
536 2510 695 2570 munierat.
739 2509 880 2571 Ceterum
898 2509 948 2572 hic
968 2533 1039 2591 quo·

138 2613 198 2672 que
210 2592 237 2650 ei
249 2591 341 2650 timor
351 2611 442 2651 causa
453 2591 512 2651 suit
523 2592 672 2651 maturius
686 2592 827 2652 movendi
842 2603 881 2652 'ex
896 2592 1039 2653 hibernis.

179 2671 334 2732 Peridem
349 2681 468 2750 tempus
482 2671 538 2732 Gn.
552 2671 699 2733 Servilius
721 2673 825 2733 consul
848 2673 964 2733 Romae
985 2673 1040 2732 idi·
1055 2672 1094 2734 15

139 2753 197 2814 bus
212 2751 323 2813 Maras
337 2753 549 2830 magistratum
564 2752 641 2813 iniit.
683 2753 733 2814 Ibi
743 2774 812 2814 cum
825 2753 863 2814 de
874 2775 906 2814 re
917 2754 1041 2833 publica

139 2832 315 2905 rettulisset,
326 2833 532 2911 redintegrata
547 2833 578 2892 in
593 2833 626 2894 O.
643 2833 832 2906 Flaminium
847 2835 965 2896 invidia
979 2844 1040 2896 est:

141 2915 238 2973 ‘duos
258 2912 445 2992 seconsules
467 2932 589 2986 creasse,
605 2933 699 2973 unum
715 2913 842 2986 habere;
864 2916 945 2993 quod
960 2916 1042 2975 enim

140 2993 189 3064 illi
197 2994 318 3072 justum
334 2993 504 3071 imperium,
519 2994 599 3072 quod
622 2995 791 3073 auspicium
807 2997 889 3055 esse?
930 2995 1042 3074 Magis·

140 3083 240 3134 tratus
255 3073 286 3132 id
301 3073 433 3146 adorna,
449 3072 579 3152 publicis
598 3075 785 3154 privatisque
801 3075 968 3153 penatibus,
983 3075 1042 3134 La·
1057 3073 1096 3136 20

139 3154 214 3214 tinia
239 3153 320 3214 feriis
343 3153 427 3224 actis,
449 3153 595 3214 sacrificio
612 3155 652 3232 ‚in
677 3166 779 3214 monte
801 3155 942 3234 perfecte,
965 3155 1043 3216 votis

140 3234 203 3314 rite
222 3234 253 3316 in
275 3233 427 3312 Capitolio
448 3235 641 3312 nuncupatis,
662 3255 764 3294 secum
786 3234 881 3307 ferre;
907 3255 962 3294 nec
985 3235 1064 3316 pri·—

141 3323 248 3382 vatum
263 3313 399 3391 auspicia
413 3312 507 3391 sequi,
524 3333 578 3372 nec
592 3315 657 3384 sine
670 3315 813 3392 auspiciis
829 3315 997 3393 profectum
1012 3315 1043 3373 in
1057 3327 1059 3332 '
1103 3363 1107 3371 ,
1133 3386 1139 3393 ¹

140 3404 269 3454 externo
283 3413 319 3452 ea
332 3392 397 3452 solo
412 3411 492 3451 nova
507 3403 599 3470 atque
614 3394 733 3471 integra
747 3394 905 3472 concipere
919 3393 1022 3472 posse!

182 3471 350 3552 Augebant
364 3481 478 3532 metum
493 3471 633 3550 prodigia
646 3491 685 3531 ex
700 3470 839 3550 pluribus
860 3469 1046 3596 simqqslocia
1061 3468 1100 3529 25
