2568 3782
406 260 539 306 mana
564 260 657 325 xxr,
685 243 814 308 59-60.
1041 243 1104 308 137

149 418 290 498 superior
303 417 372 490 firit,
387 425 495 478 utnon
510 417 576 477 acie
585 416 747 478 'vincerent
760 415 868 491 solum,
882 415 935 477 sed
950 416 1052 496 pulsos

150 498 251 558 hostes
272 499 305 557 in
327 508 426 558 castra
447 505 704 576 persequerentur,
720 517 791 557 mox
812 507 912 557 castra
932 517 1052 576 quoque

151 588 373 658 oppugnarent.
415 578 584 651 Hannibal,
599 579 703 656 paucis
722 577 998 656 propugnatoribus
1018 579 1052 638 in

152 660 235 721 vallo
263 660 418 739 portisque
445 659 558 738 positis,
581 669 693 718 ceteros
720 658 870 718 confertos
894 657 926 716 in
952 658 1052 718 media

152 750 252 800 castra
273 741 395 818 recepit,
417 739 606 818 intentosque
630 740 749 816 signum
771 740 810 798 ad
832 738 1051 817 erumpendum
1085 741 1104 802 5

151 829 314 899 expectare
337 819 434 899 jubet.
476 820 547 880 «lam
572 840 654 878 nona
678 819 771 878 ferme
796 819 857 892 diei
880 819 955 879 hora
976 829 1050 894 erat,

151 921 219 960 cunr
236 901 403 974 Romanus,
418 902 601 981 nequiquam
623 901 751 979 fatigato
770 901 876 973 milite,
891 910 1051 980 postquam

150 981 238 1041 nulla
265 1004 332 1062 spes
360 991 425 1042 erat
453 981 593 1062 potiundi
621 985 736 1054 castris,
765 982 885 1060 signum
916 983 1051 1060 receptui

149 1061 244 1122 dedit.
302 1063 393 1139 Quod
421 1062 474 1122 ubi
503 1061 663 1122 Hannibal
697 1062 824 1141 accepit,
853 1061 1051 1142 laxatamque

149 1163 287 1221 pugnam
308 1153 338 1203 et
358 1163 505 1204 recessum
527 1164 546 1203 a
567 1144 672 1204 castris
692 1143 779 1216 vidit,
794 1142 948 1222 externplo
969 1145 1104 1223 equi-10

149 1222 232 1283 tibus
253 1223 363 1283 dextra
386 1224 535 1304 laevaque
555 1225 668 1285 emissis
692 1224 724 1283 in
750 1224 873 1296 hostem,
896 1223 959 1302 ipse
979 1245 1050 1284 cum

149 1303 288 1382 peditum
311 1304 417 1365 robore
438 1305 544 1364 mediis
567 1306 674 1366 castris
695 1305 804 1384 erupit.
847 1305 957 1384 Pugna
981 1324 1049 1366 raro

148 1384 247 1462 magis
261 1384 326 1445 ulla
340 1406 430 1446 saeva
444 1396 499 1446 aut
512 1387 669 1465 utriusque
683 1387 777 1464 partis
791 1386 925 1466 pernicie
939 1385 1051 1446 clarior

148 1463 264 1537 fuisset,
280 1467 305 1524 si
321 1466 446 1526 extendi
460 1487 526 1526 eam
541 1467 604 1528 dies
619 1469 650 1526 in
665 1466 791 1546 longum
812 1467 944 1546 spatium
964 1467 1050 1527 sivis-

147 1553 210 1618 set;
232 1566 295 1605 nox
309 1567 466 1608 accensum
482 1547 655 1626 ingentibus
675 1548 785 1608 animis
805 1547 953 1626 proelium
973 1547 1049 1608 dire·
1064 1547 1102 1609 15

147 1625 213 1685 mit.
257 1625 367 1706 Itaque
386 1628 485 1688 acrior
505 1649 668 1688 concursus
688 1628 748 1688 fuit
767 1649 859 1707 quam
880 1628 994 1700 caedes,
1008 1638 1048 1702 et,

147 1706 228 1766 sicut
241 1717 373 1785 aequata
386 1708 480 1768 ferme
494 1729 597 1787 pugna
611 1718 686 1779 erat,
701 1709 745 1768 ita
758 1709 845 1768 clade
859 1709 926 1788 pari
942 1708 1048 1769 disces·

147 1806 214 1846 sum
230 1797 283 1847 est.
325 1787 378 1848 Ab
392 1799 499 1849 neutra
513 1797 600 1867 parte
613 1789 754 1848 sescentis
768 1789 837 1867 plus
851 1788 1004 1867 peditibus
1018 1797 1049 1849 et

148 1865 311 1927 dimidium
326 1869 390 1948 ejus
409 1870 546 1947 equitum
560 1870 689 1941 cecidit3
710 1869 763 1928 sed
784 1870 880 1949 major
902 1869 1048 1930 Romanis

148 1967 240 2025 quarn
255 1969 310 2027 pro
325 1969 450 2009 numero
460 1951 583 2028 jactura
597 1950 666 2022 fuit,
680 1950 754 2029 quia
766 1949 912 2028 equestris
932 1950 1047 2010 ordinis
1063 1950 1102 2013 20

147 2026 266 2106 aliquot
279 2037 311 2090 et
324 2029 440 2089 tribuni
456 2030 589 2089 militum
604 2031 739 2109 quinque
752 2039 783 2090 et
796 2030 942 2110 praefecti
955 2031 1046 2090 socio·

146 2127 214 2167 rum
230 2116 290 2168 tres
304 2119 376 2169 sunt
389 2110 549 2170 interfecti.

186 2187 359 2248 Secundum
373 2211 439 2249 eam
449 2210 584 2270 pugnam
594 2190 755 2252 Hannibal
770 2192 802 2251 in
817 2191 956 2270 Ligures
966 2191 1047 2252 Sem-

144 2269 271 2347 pronius
285 2269 401 2329 Lucam
417 2271 570 2331 concessit.
611 2271 756 2333 Venienti
771 2271 803 2332 in
818 2271 946 2350 Ligures
961 2273 1048 2332 Han·

145 2348 244 2409 nibali
258 2369 312 2429 per
326 2350 450 2410 insidias
465 2352 626 2431 intercepti
641 2353 701 2412 duo
716 2362 887 2431 quaestores
905 2352 1046 2426 Romani,
1062 2355 1101 2416 25

145 2428 179 2489 C.
193 2429 325 2505 Fulvius
335 2441 365 2491 et
375 2431 411 2491 L.
424 2431 595 2505 Lueretius,
608 2453 677 2492 oum
692 2432 810 2493 duobus
825 2431 956 2492 tribunis
967 2433 1046 2492 mili-

145 2517 212 2569 tum
237 2519 268 2571 et
292 2511 426 2591 quinque
450 2512 594 2591 equestris
616 2509 740 2586 ordinis,
760 2521 933 2573 senatorum
954 2513 1047 2573 ferme

144 2589 258 2664 liberis,
273 2611 333 2670 quo
348 2593 445 2672 magis
458 2603 558 2653 ratam
579 2593 643 2653 fore
662 2614 732 2653 cum
753 2597 779 2654 is
798 2613 904 2674 pacem
925 2593 1047 2654 societa-

144 2678 266 2750 temque
281 2673 424 2746 crederet,
438 2673 610 2735 traduntur.

184 2751 257 2813 LX.
299 2753 383 2812 Dum
399 2753 474 2814 haec
488 2755 521 2813 in
535 2754 629 2814 Italia
642 2763 799 2834 geruntur,
814 2754 869 2814 On.
888 2753 1045 2816 Cornelius
1060 2756 1100 2818 30
1162 2821 1166 2830 ,

143 2831 247 2911 Scipio
262 2833 294 2892 in
310 2833 494 2914 Hispaniam
516 2855 585 2895 cum
607 2834 700 2895 classe
721 2844 759 2896 etr
771 2834 909 2895 exercitu
928 2836 1045 2909 missus,

143 2933 213 2973 cum
227 2913 267 2974 ab
282 2915 357 2975 ostio
372 2915 516 2976 Rhodani
528 2915 679 2994 profectus
690 2916 920 2994 Pyrenaeosque
930 2924 1046 2977 monte-t

143 2994 366 3056 circumvectus
390 2995 535 3076 Emporia
561 2995 728 3074 adpulisset
750 2997 886 3069 classem,
908 2996 1045 3076 exposito

142 3074 185 3134 ibi
199 3077 347 3147 exercitu,
358 3097 442 3137 orsus
457 3098 475 3136 a
489 3077 653 3136 Lacetanis
667 3097 787 3136 omnam
797 3097 882 3135 oram
896 3097 990 3155 usque
1004 3076 1044 3136 ad

142 3153 297 3214 Hiberum
328 3156 451 3231 fiumen,
479 3157 592 3236 partim
626 3154 808 3218 renovandis
841 3156 1043 3230 societatibus,
1059 3156 1098 3218 35

140 3236 255 3314 partim
279 3237 366 3297 novis
394 3238 596 3309 instituendis,
622 3237 779 3298 Romanae
806 3235 934 3297 dicionis
961 3236 1041 3297 fecit.

140 3315 219 3376 Inde
240 3317 404 3378 conciliata
425 3318 603 3379 clementiae
624 3317 715 3389 fama,
731 3317 853 3378 nonad
875 3317 1042 3388 maritimos

140 3397 230 3457 modo
250 3398 387 3478 populea,
402 3400 454 3458 sed
469 3399 501 3457 in
516 3397 743 3458 mediterraneis
758 3416 883 3476 =quoque
902 3401 939 3456 a'c
960 3415 1042 3454 mon·

139 3479 220 3539 tanis
233 3478 274 3540 ad
289 3480 448 3540 ferociores
458 3480 524 3560 jam
538 3487 642 3558 gentes
655 3475 774 3550 valuit;
796 3497 852 3536 nec
869 3495 932 3555 pax
951 3474 1041 3538 modo
