2582 3776
167 197 209 261 92
341 211 431 258 rrrr
458 211 554 260 n1v1
581 211 636 260 Aa
663 211 777 260 vana
806 211 997 260 conarri

218 369 337 434 senatui
365 369 571 441 satisfaciaut;
599 368 675 428 alios
700 368 753 447 qui
777 367 951 428 Hannibali
979 371 1127 432 nuntient
1177 403 1185 414 ‚

124 501 127 510 ,
146 493 149 500 ,
219 461 255 510 ut
269 450 436 509 exercitum
452 449 490 508 ab
506 451 642 527 Sagunto
664 448 806 520 abducat,
821 449 980 528 ipsumque
1002 451 1126 510 Hauni—
1286 493 1287 502 η

219 529 320 590 halem
349 551 388 604 ea
415 530 534 588 foedere
562 529 708 588 Romanis
733 529 868 601 ¹dedaut3
897 531 1018 590 tertiam
1043 531 1055 590 l
1114 567 1126 576 -

219 611 334 671 tionem
355 609 394 669 ad
417 629 461 668 res
482 609 660 688 Saguntinis
682 601 851 680 reddendas
873 609 1030 670 decerno.’'
1049 552 1134 718 ff

169 691 206 752 ’ὗ
261 689 321 750 ΧΙ.
363 689 442 750 Cum
457 689 571 748 Hanno
587 699 761 768 perorasset,
777 689 892 748 nemini
907 675 1130 751 omniumldtal

220 781 285 832 tare
301 770 436 830 oratione
451 790 519 828 cum
535 791 569 829 eo
584 767 702 829 necesse
716 769 793 840 fuit3
815 769 890 846 adeo
911 791 1005 849 prope
1025 773 1124 831 omnis

133 904 135 911 ,
220 859 341 911 senatus
357 849 544 909 Hannibalis
559 859 633 922 erat,
648 849 845 927 infestiusque
860 851 996 910 locutum
1018 872 1124 930 argue·

220 931 295 991 bant
317 930 502 990 Hannonem
523 949 614 1008 quam
637 929 785 989 Flaccum
801 928 971 1002 Valerium,
985 931 1123 1010 legatum

221 1012 404 1072 Romanum.
447 1009 636 1088 Responsum
665 1009 736 1069 inde
765 1010 872 1088 legatis
897 1011 1044 1070 Romanis
1069 1022 1123 1084 est,

167 1092 354 1156 lO‘bellum
383 1099 483 1151 ortum
512 1091 550 1149 ab
578 1090 765 1168 Saguntinis,
786 1110 846 1150 non
875 1090 914 1150 ab
944 1091 1125 1152 Hannibale

219 1193 298 1244 esse;
321 1171 468 1251 populum
498 1171 671 1230 Romanum
699 1171 810 1249 injuste
831 1171 938 1243 facere,
960 1172 984 1232 si
1006 1171 1124 1251 Sagun·

220 1252 300 1312 tinos
320 1251 541 1313 vetustissimae
562 1250 860 1330 Carthaginiensium
881 1251 1017 1322 societati
1038 1273 1125 1332 prae·

219 1332 331 1412 ponat!

229 1457 233 1467 .
261 1413 344 1472 Dum
366 1412 499 1472 Romani
520 1421 638 1490 tempus
660 1420 763 1472 terunt
784 1411 988 1491 legationibus
1001 1414 1124 1474 mitten·

167 1496 205 1556 15
220 1487 275 1566 dis,
291 1492 461 1565 Hannibal,
477 1493 672 1572 quia-fessum
690 1488 817 1553 militem
833 1493 956 1572 proeliis
971 1495 1125 1574 operibus·

82 1601 85 1610 ¹
146 1592 149 1602 ’
221 1596 279 1655 que
304 1574 634 1654 habebat,·paucorum
660 1573 695 1632 iis
720 1574 839 1633 dierum
868 1575 999 1652 quietem
1028 1577 1124 1649 dedit,

220 1655 402 1716 stationibus
424 1655 463 1714 ad
485 1655 653 1714 custodiam
669 1654 828 1714 vinearum
851 1655 1041 1736 aliorumque
1055 1678 1123 1736 ope

218 1757 288 1796 ¹rum
302 1735 463 1813 dispositis
506 1733 633 1793 Interim
655 1735 773 1794 animos
793 1755 896 1794 eorum
919 1757 1001 1796 nunc
1022 1738 1068 1796 ira
1089 1738 1122 1797 in

219 1816 314 1878 hostis
339 1815 532 1886 stimulando,
554 1833 636 1873 nunc
661 1835 712 1894 spe
736 1815 939 1894 praemiorum
965 1817 1122 1890 accendit3

168 1899 207 1962 20
217 1909 255 1966 nt
280 1917 351 1961 vero
377 1916 431 1975 pro
455 1897 594 1956 contione
623 1895 766 1973 praedam
788 1905 897 1974 captae
917 1897 1001 1956 urbis
1023 1899 1122 1958 edixit

221 1977 353 2037 militum
379 1979 451 2047 lore,
477 1976 551 2054 adep
579 1976 697 2036 accensi
726 1996 827 2034 onmes
856 1985 935 2048 sunt,
958 1987 1001 2046 ut,
1022 1978 1047 2038 si
1072 1999 1123 2038 ex·

128 2049 132 2056 ’
220 2057 468 2137 templo-signum
484 2057 589 2115 datum
605 2065 689 2128 esset,
704 2056 791 2115 nulla
805 2056 837 2116 vi
855 2057 952 2116 resisti
967 2058 1123 2118 videretur

221 2136 336 2218 posses.
355 2137 516 2215 Saguntini
541 2145 577 2195 ut
602 2155 621 2196 a
645 2136 767 2214 proeliis
788 2138 918 2214 quietern
940 2138 1121 2211 habuerant,
1129 2141 1218 2218 wi,

222 2239 277 2278 nec
299 2218 477 2278 lacessentes
491 2197 692 2276 neclacessiti
709 2236 760 2294 per
774 2216 892 2295 aliquot
906 2217 978 2291 dies,
993 2219 1037 2300 ita
1059 2239 1121 2280 non
1142 2238 1216 2303 <545-

157 2301 205 2361 '25
221 2308 309 2359 nocte
336 2319 396 2358 non
425 2299 474 2356 die
504 2317 647 2374 umquam
677 2306 866 2357 cessaverant
894 2297 933 2358 ab
961 2319 1058 2376 opere,
1087 2308 1122 2373 ut
1144 2299 1174 2342 '⁶‘

219 2399 334 2440 novum
348 2399 468 2436 murum
483 2377 522 2436 ab
537 2397 573 2436 ea
587 2385 681 2455 parte,
697 2397 758 2455 qua
772 2379 960 2455 patefactum
975 2380 1120 2458 oppidum

46 2526 50 2534 ,
219 2461 316 2520 ruinis
330 2468 404 2530 erat,
415 2459 579 2517 reficerent.
615 2457 692 2516 Inde
703 2459 889 2536 oppugnatio
901 2479 950 2518 eos
965 2459 1121 2538 aliquante

35 2542 40 2556 '
83 2559 86 2569 ¹
219 2540 456 2617 atrociorquam
479 2546 549 2597 ante
571 2537 1120 2621 adquaestum,quaprimumaut

219 2619 408 2699 potissimum
432 2629 518 2696 parte
546 2619 659 2677 ferrent
684 2639 780 2696 opem,
806 2627 885 2677 cum'
901 2620 1004 2678 omnia
1028 2621 1120 2680 vanis

166 2699 404 2762 30cl'amoribus
435 2691 610 2776 streperent,
639 2700 712 2757 satis
741 2699 817 2760 scire
845 2708 994 2776 poterant.
1051 2699 1120 2780 Ipse

155 2833 156 2836 ,
219 2778 391 2850 Hannibal,
419 2799 481 2856 qua
515 2778 607 2837 tu'rris
641 2778 772 2850 mobilia,
800 2780 902 2837 omnia
931 2781 1122 2842 munimenta

218 2861 303 2920 urbis
324 2879 468 2937 superans
490 2858 662 2929 altitudine,
677 2857 832 2935 agebatur,
848 2859 986 2920 hortator
1005 2861 1119 2922 aderat.

220 2942 308 3016 Quae
325 2959 394 2998 curn
409 2939 541 3014 admotis,
557 2937 721 3015 catapultis
745 2938 936 3016 ballistisque
952 2961 1004 3017 per
1018 2943 1121 3000 omnia
1179 2975 1183 2982 »

219 3021 359 3078 tabulata
374 3019 534 3095 dispositis,
552 3037 653 3075 muros
666 3017 871 3076 defensoribus
886 3020 1039 3090 nudasset,
1054 3033 1120 3080 tum

166 3099 205 3158 35
220 3098 380 3157 Hannibal
402 3099 586 3156 occasionem
611 3108 702 3166 ratus,
718 3097 898 3174 quingentos
920 3100 1012 3158 ferme
1028 3101 1120 3159 Afros

220 3197 289 3236 cum
311 3176 445 3234 dolabris
466 3177 505 3233 ad
527 3176 733 3233 subruendum
749 3175 787 3232 ab
803 3177 863 3234 imo
880 3196 1000 3234 murum
1017 3180 1120 3241 mittit.

219 3257 284 3316 Nec
310 3264 376 3312 erat
400 3255 523 3312 difficile
547 3274 631 3330 opus,
653 3252 733 3329 quod
762 3265 918 3332 eaonreuta
947 3275 1007 3311 non
1036 3257 1121 3318 calce

220 3335 331 3392 durata
352 3343 448 3400 erant,
463 3331 514 3388 sed
537 3331 673 3388 interlita
693 3331 769 3402 luto,
784 3336 955 3388 structurae
979 3329 1122 3406 antiquae

219 3429 338 3486 genere.
367 3407 488 3486 {Itaque
509 3409 601 3464 latius
623 3429 712 3494 quarn
731 3429 791 3486 qua
811 3407 988 3490 caedentur
1004 3407 1120 3478 ruebat,

1113 635 1157 664 ll!

1108 665 1167 696 ty
1286 677 1287 712 p

4 3585 166 3748 l.
