2568 3782
167 233 230 304 154
332 251 422 298 rrrr
449 249 546 297 nrvr
573 247 628 294 ae
654 243 769 295 vanu
798 239 990 289 counrrs

216 413 322 473 multis
346 409 414 469 aliis
436 407 515 467 divis
537 403 636 465 bubus
656 402 735 463 albis
756 413 848 479 atque
873 397 979 461 ceteris
1001 397 1122 458 hostiis.

217 493 307 556 Votis
328 491 386 550 rite
407 487 600 566 nuncupatis,
621 483 804 562 supplicatio
826 480 942 549 edicta;
967 477 1122 557 supplica·

216 585 341 653 tumque
362 572 424 630 iere
445 588 514 629 cum
536 567 714 644 conjugibus
735 583 771 622 ac
793 561 897 620 liberis
917 580 976 618 non
999 561 1122 620 urbana

216 653 383 715 multitudo
411 658 541 721 tantum,
569 646 621 706 sed
649 645 812 724 agrestium
844 641 947 712 etiam,
974 660 1051 718 quos
1086 642 1121 699 in

181 740 201 800 5
215 737 320 814 aliqua
333 753 389 794 sua
402 731 526 791 fortuna
540 727 666 808 publica
680 745 800 806 quoque
816 720 1013 798 contingebat
1035 741 1120 782 cura.

214 815 292 875 Tum
307 813 529 875 lectisternium
543 831 597 889 per
612 809 749 868 triduum
772 803 921 873 habitum,
937 801 1120 862 decemviris

163 929 166 934 ·
213 915 367 957 sacrorum
392 892 579 955 curantibus.
621 889 683 952 Sex
704 887 880 968 pulvinaria
901 884 933 943 iu
953 891 1121 963 conspectu

213 977 354 1036 fuerunt:
377 976 398 1037 J
401 975 450 1036 ovi
465 995 501 1035 ac
516 973 537 1035 J
541 972 633 1033 unoni
648 991 753 1044 unum,
768 970 899 1030 alterum
914 963 1060 1044 Neptuno
1081 981 1120 1026 ac

213 1057 382 1130 Minervae,
396 1056 522 1116 tertium
543 1054 638 1114 Marti
660 1073 695 1112 ac
710 1051 835 1123 Veneri,
857 1056 1001 1128 quartum
1022 1045 1119 1127 Apol-

161 1142 199 1203 10
213 1137 270 1197 lini
282 1159 321 1198 ac
335 1137 466 1206 Dianae,
481 1137 622 1215 quintum
638 1133 781 1195 Vulcano
803 1153 839 1192 ac
853 1130 975 1202 Vestae,
994 1143 1120 1188 sextum

213 1218 366 1278 Mercurio
394 1227 424 1277 et
452 1217 562 1278 Cereri.
616 1215 695 1275 Tum
730 1215 818 1275 aedes
849 1221 947 1274 votae.
1000 1207 1119 1271 Veneri

213 1298 367 1358 Erucinae
381 1297 485 1358 aedem
501 1298 539 1374 Q.
556 1297 673 1358 Fabius
696 1295 853 1355 Maximus
874 1293 1007 1353 dictator
1020 1291 1119 1364 vovit,

212 1379 284 1457 quia
298 1378 342 1439 ita
357 1399 396 1438 ex
411 1379 558 1438 fatalibus
572 1378 659 1452 libris
674 1377 790 1436 editum
805 1384 880 1448 erat,
893 1382 929 1434 ut
943 1373 968 1434 is
982 1380 1118 1444 voveret,

213 1460 298 1539 cujus
320 1460 490 1518 maximum
515 1460 679 1538 imperium
699 1457 880 1518 incivitate
900 1463 993 1528 esset;
1016 1451 1119 1512 Menti

159 1545 198 1606 15
211 1541 317 1599 aedem
332 1539 366 1600 Τ.
382 1539 532 1600 Otacilius
546 1549 668 1619 praetor
682 1539 777 1600 vovit.

252 1619 313 1680 ΧΙ.
366 1619 416 1681 Ita
445 1620 534 1680 rebus
563 1621 676 1682 divinis
704 1619 843 1698 peractis,
871 1627 939 1679 tum
966 1617 1006 1680 de
1033 1613 1118 1694 bello

211 1721 302 1779 reque
324 1700 390 1777 [de]
413 1700 539 1780 publica
560 1701 693 1761 dictator
713 1700 841 1772 rettulit,
857 1698 967 1778 quibus
981 1706 1120 1778 quotque

211 1780 381 1860 legionibus
398 1781 508 1843 victori
529 1781 609 1842 hosti
630 1781 754 1844 obviam
774 1781 910 1841 eundum
930 1799 993 1840 esse
1014 1786 1118 1858 patres

212 1870 375 1922 censerent.
417 1861 594 1934 Decretum,
617 1873 652 1922 ut
675 1861 732 1921 ‘ab
756 1861 811 1922 On.
837 1859 967 1922 Servilio
992 1858 1118 1920 consule

158 1947 197 2008 20
211 1943 379 2002 exercitum
404 1943 565 2021 acciperet,
586 1943 732 2002 scriberet
756 1951 912 2021 praeterea
934 1961 973 2000 ex
995 1939 1118 2000 civibus

211 2023 359 2100 sociisque
382 2033 533 2101 quantum
558 2024 756 2102 equitumue
781 2023 928 2102 peditum
941 2020 1117 2092 videretur;

212 2112 312 2163 cetera
326 2106 428 2163 omnia
449 2112 552 2181 ageret
572 2105 746 2184 laceretque
760 2113 796 2164 ut
810 2124 826 2164 e
840 2102 1012 2183 republica
1026 2101 1118 2160 duce·

211 2184 275 2243 ret.’
317 2182 433 2243 Fabius
458 2185 533 2243 duas
556 2184 689 2264 legiones
713 2205 745 2244 se
770 2184 959 2263 adjecturum
983 2181 1024 2242 ad
1046 2180 1117 2242 Ser·

212 2264 361 2324 villanum
375 2264 543 2325 exereitum
563 2265 652 2325 dixit.
695 2265 738 2324 Iis
758 2285 812 2343 per
832 2265 1011 2343 magistrum
1033 2263 1118 2342 equi·

158 2349 198 2408 25
212 2353 277 2404 tum
301 2343 421 2422 scriptis
446 2344 544 2404 Tibur
567 2345 647 2405 diem
672 2345 712 2405 ad
737 2345 978 2406 conveniendum
1005 2343 1116 2404 edixit

212 2425 383 2504 Edictoque
404 2428 568 2505 proposito,
589 2435 633 2497 ut,
656 2426 766 2504 quibus
791 2425 904 2504 oppida
929 2421 1119 2502 castellaque

211 2506 365 2567 inmunita
378 2519 484 2578 essent,
499 2516 534 2566 ut
549 2507 571 2565 ii
585 2507 822 2585 commigrarent
842 2506 874 2565 in
895 2507 962 2566 loca
983 2513 1061 2577 tuta,
1076 2525 1117 2565 cx

211 2587 292 2665 agris
321 2607 440 2666 quoque
467 2587 674 2665 demigrarent
695 2589 792 2648 omnis
817 2587 947 2665 regionis
968 2587 1032 2666 ejus
1054 2605 1118 2663 qua

210 2667 308 2727 iturus
322 2667 482 2728 Hannibal
495 2669 677 2740 essct-tectis
687 2668 772 2746 prius
783 2668 913 2728 incensis
927 2688 963 2727 ac
974 2665 1117 2744 frugibus

157 2749 197 2812 30
212 2749 371 2828 corruptis,
385 2768 424 2808 ne
445 2750 530 2829 cujus
545 2749 588 2808 rei
604 2749 693 2827 copia
713 2759 797 2821 esset,
813 2747 877 2827 ipse
891 2749 943 2810 via
957 2747 1117 2808 Flaminia

210 2829 363 2907 profectus
372 2829 494 2891 obviam
507 2828 624 2890 consuli
636 2829 839 2907 exercituque,
850 2850 917 2906 curn
928 2829 970 2888 ad
977 2827 1117 2887 Tiberim

210 2910 292 2968 circa
320 2909 499 2970 Ocriculum
529 2910 732 2988 prospexisset
760 2929 870 2988 agmen
898 2905 1117 2986 consulemque

210 3005 279 3051 curu
302 2990 454 3070 equitibus
475 2990 515 3049 ad
536 3011 567 3049 se
588 2988 840 3069 progredientem,
860 2989 1008 3056 viatorem
1030 2989 1117 3048 misit

209 3071 264 3148 qui·
277 3070 395 3130 consuli
407 3071 573 3143 nuntiaret,
583 3080 617 3130 ut
631 3071 696 3130 sine
706 3070 866 3130 lictoribus
880 3069 920 3130 ad
931 3070 1115 3129 dictatorem

155 3151 335 3213 35veniret.
389 3151 451 3226 Qui
480 3171 549 3209 cum
578 3151 659 3210 dicto
690 3151 849 3229 paruisset,
877 3170 1116 3229 congressusque

208 3249 317 3290 eorum·
328 3230 482 3307 ingentem
496 3230 625 3307 speciem
638 3229 810 3305 dictaturae
824 3239 900 3309 aput
911 3230 992 3290 cives
1006 3231 1116 3290 socios-

208 3329 267 3390 que
283 3317 434 3370 vetuetate
457 3309 515 3366 'am
533 3329 626 3386 prope
645 3309 755 3370 oblitos
770 3311 833 3388 ejus
848 3303 1114 3389 imperii‘fecissct,

208 3390 330 3449 litterae
351 3388 390 3447 ab
412 3330 487 3445 urbe
507 3387 630 3447 adlatae
650 3398 730 3460 sunt,
748 3410 841 3450 naves
860 3389 1014 3450 onerarias
1034 3411 1115 3459 conr·

209 3480 343 3528 meatum
364 3467 404 3526 ab
426 3465 514 3526 Ostia
533 3467 565 3531 in
589 3467 774 3547 Hispaniam
795 3469 1026 3536 mexercitum
1039 3469 1116 3547 ‚pore
