2582 3776
389 237 521 284 urana
547 237 641 304 xxi,
670 221 798 287 11-12.
1051 223 1093 290 93

132 413 250 473 perque
263 395 404 474 patentia
422 393 517 454 ruinis
539 395 664 474 agmina
684 406 869 458 armatorum
885 397 917 458 iu
933 396 1038 458 urbem
1076 461 1084 488 Ι

132 474 300 536 radebant.
318 467 460 616 [Locum
477 483 595 554 quoque
613 475 728 540 editum
748 479 882 556 capiunt,
899 479 1039 552 conlatis·
1063 470 1067 486 ’
1093 471 1099 488 ’

134 574 195 633 qne
219 577 255 615 co
280 576 316 616 ca
332 579 337 594 ·
350 556 444 634 pultis
465 556 662 636 ballistisque,
685 567 719 616 nt
740 557 897 630 castellnm
921 558 953 617 in
975 559 1039 638 ipsa
1179 571 1207 614 e:
1276 579 1277 606 i

135 634 212 695 urbe
234 636 321 696 velut
348 657 448 714 arcem
477 637 675 697 inminentem
697 636 852 709 haberent,
876 641 962 697 inuno
983 641 1038 698 eir·

136 716 293 777 cumdaut
337 717 379 796 Et
400 716 561 796 Saguntini
583 737 703 777 murum
725 719 898 778 interiorem
914 719 953 778 ab
968 739 1039 779 non·
1072 719 1093 780 5

136 795 209 855 dum
233 807 324 876 capta
345 807 431 875 parte
456 798 538 858 urbis
563 797 689 870 ducunt.
732 796 897 876 Utrimque
921 819 1039 860 summa
1096 797 1166 848 ‘1¹⁴‘

18 911 30 922 -
61 939 66 946 ,
115 876 169 936 ·vi
197 886 228 936 et
255 879 400 938 muniunt
427 886 458 938 et
484 890 641 958 puguant;
661 879 723 951 sed,
745 878 890 939 interiora
917 879 1038 952 tuendo,

138 955 285 1016 minorem
311 958 344 1016 iri
365 958 431 1042 dies
455 959 561 1018 urbem
586 959 748 1038 Saguntini
773 958 898 1020 faciunt.
940 949 1038 1020 Simul

138 1038 245 1098 crescit
266 1036 371 1116 inopia
392 1039 527 1098 omniurn
549 1039 640 1118 longa
661 1039 825 1112 obsidione,
840 1048 870 1099 et
890 1041 1039 1101 minuitur

137 1120 310 1196 expectatio
331 1129 475 1180 externae
496 1119 570 1197 opis,
593 1126 661 1180 cum
683 1129 746 1182 tam
759 1120 874 1201 ⁴procul
897 1120 1037 1194 Romani,
1054 1121 1092 1182 10

138 1201 230 1258 unica
249 1200 428 1278 spes,.circa
449 1201 550 1260 omnia
575 1201 707 1261 hostium
732 1211 837 1262 essent.
879 1199 1039 1280 Paulisper

137 1288 240 1339 tamen
261 1281 394 1340 adfectos
416 1281 532 1340 animos
554 1284 702 1342 recreavit
721 1283 878 1361 repentina
893 1283 1038 1366 profectio

136 1357 327 1420 Hannibalis
347 1361 379 1420 in
401 1360 549 1422 Oretanos
570 1353 891 1456 Carpetanosque,lqui
909 1362 969 1421 duo
989 1383 1039 1441 po·

136 1440 213 1519 puli,
241 1441 371 1502 dilectus
398 1442 563 1504 acerbitate
591 1445 784 1517 consternati,
812 1443 936 1503 retentis
971 1462 1039 1502 con·

136 1509 342 1599 qnisitoribui‚
372 1534 485 1584 metum
505 1525 697 1585 defectionis
725 1545 794 1584 curn
822 1522 1038 1606 praebuissent,
1054 1523 1092 1583 15

135 1604 271 1684 oppressi
293 1605 447 1666 celeritate
468 1605 656 1686 Hannibalis
670 1605 834 1666 omiserunt
849 1614 931 1663 mota
945 1623 1038 1665 arma.
1061 1607 1067 1619 ¹

160 1683 257 1745 ΝΧΙΙ.
299 1673 515 1766 Nec'Saguuti
537 1688 724 1766 oppugnatio
745 1686 864 1763 segnior
885 1692 958 1754 erat,
974 1683 1039 1743 Ma·

135 1764 265 1826 harbale
280 1767 466 1828 Himilconis
481 1768 543 1830 filio
562 1767 644 1840 (curn
660 1766 845 1845 praefecerat
862 1763 1037 1838 Hannibal)

136 1846 180 1906 ita
203 1848 322 1927 inpigre
344 1869 408 1908 rem
431 1859 548 1927 agente,
564 1849 728 1934 audacem
753 1845 855 1906 abesse
878 1865 933 1904 nee
958 1845 1038 1904 cives

135 1947 193 1988 nec
207 1928 306 1988 hostes
324 1930 478 1990 sentirent.
503 1930 565 1990 ‘Is'
577 1939 608 1990 et
632 1928 748 2007 proelia
769 1927 886 2005 aliquot
905 1924 1038 1984 secunda
1053 1927 1091 1989 20

135 2007 219 2081 fecit,
234 2018 268 2078 et,
285 2009 383 2070 tribus
405 2007 549 2071 arietibus
572 2010 765 2088 aliquantum
787 2007 867 2066 muri
890 2004 1037 2078 discussit,

135 2097 291 2168 strataque
306 2091 410 2150 omnia
423 2091 594 2152 recentibus
614 2091 709 2150 ruinis
731 2087 904 2150 advenienti
920 2085 1038 2144 Hauni-

136 2167 201 2228 bali
215 2161 226 2196 ²
230 2170 373 2240 ostendit,
426 2171 534 2251 Itaque
562 2172 602 2232 ad
631 2171 728 2250 ipsam
756 2188 855 2229 arcein
884 2164 1037 2244 extemplo

135 2248 246 2310 ductus
264 2252 424 2324 exercitae,
440 2261 587 2332 atroxque
609 2251 757 2331 proelium
780 2269 849 2309 cnm
871 2246 1037 2306 multorum

137 2330 290 2408 utrimque
304 2323 396 2390 ca'ede
412 2333 531 2405 initum,
546 2343 576 2392 et
590 2353 660 2411 pars
676 2333 752 2391 areis
767 2337 857 2408 capta
870 2337 922 2386 est.
1052 2329 1090 2388 25

176 2409 338 2489 Ternptata
359 2413 468 2472 deinde
490 2435 543 2492 per
564 2414 644 2495 duos
661 2422 705 2473 est
726 2413 837 2488 exigua
857 2408 939 2486 pacis
960 2425 1035 2485 spes,
1079 2443 1082 2452 -

136 2488 284 2550 Alconem
299 2491 500 2569 Saguntinum
517 2503 546 2554 et
558 2493 705 2554 Alorcum
721 2491 904 2569 Hispanum.
946 2486 1035 2560 Alco,

137 2570 238 2630 insciis
259 2571 445 2652 Saguntinis,
461 2573 600 2652 precibus
625 2573 742 2651 aliquid
769 2579 921 2630 moturum
943 2577 1036 2640 ratus,

136 2670 203 2710 cum
220 2651 258 2710 ad
276 2651 484 2713 Hannibalem
500 2663 590 2713 noctu
606 2656 769 2724 transisset,
785 2659 943 2730 postquam
958 2647 1037 2706 nihil
1086 2666 1096 2700 t
1182 2725 1187 2733 ι

136 2729 280 2792 lacrimae
294 2733 459 2794 movebant
472 2734 722 2812 condicionesque
742 2733 841 2793 tristes
857 2738 890 2803 ut
905 2727 943 2787 ab
958 2728 1036 2787 irato
1051 2724 1089 2789 30
1152 2731 1155 2739 '
1190 2776 1193 2788 .

135 2811 250 2872 victore
269 2813 455 2888 ferebantur,
470 2815 628 2892 transfuga
642 2835 680 2874 ex
696 2825 813 2872 oratore
835 2811 932 2870 factus
953 2807 1036 2886 apud
1171 2801 1206 2866 (a
1246 2864 1252 2874 ,

135 2891 250 2952 bostem
272 2884 400 2967 mansitJ
411 2894 596 2954 ‘moriturum
620 2881 784 2954 atffirnrans
809 2892 861 2972 qui
886 2889 942 2949 sub
968 2909 1036 2948 con·
1065 2903 1149 2977 ,2-
1172 2915 1182 2950 ι.
1217 2893 1222 2932 ⁵
1249 2942 1253 2951 .

136 2971 307 3034 dicionibus
327 2974 364 3033 iis
386 2975 423 3036 de
443 2995 517 3054 pace
538 2985 648 3052 ageret.
693 2973 909 3034 Postulabutnr
924 2980 1035 3041 autem,

136 3052 296 3128 redderent
310 3074 356 3113 res
371 3054 561 3127 Turdetania,
574 3055 746 3133 traditoque
760 3055 841 3114 omni
856 3072 930 3112 auro
945 3061 1036 3128 atque

136 3135 404 3212 argentogegressi
430 3123 503 3196 urbe
531 3156 598 3196 cuni
628 3136 756 3214 singulis
782 3131 967 3195 vestimentis
992 3130 1035 3188 ibi
1051 3130 1089 3190 35

136 3209 312 3286 ὴειὶὴωτᾷιῐ
340 3214 393 3272 ubi
422 3215 540 3276 Poenus
563 3218 706 3295 jussisset.
750 3215 815 3274 Has
845 3215 926 3292 pacis
955 3211 1035 3288 leges

136 3289 288 3352 abnuente
316 3281 435 3355 Alcoirc
469 3307 644 3373 accepturos
672 3295 865 3372 Saguntinos,
894 3293 1034 3361 Alorcua

136 3370 219 3430 vinci
241 3371 358 3431 animos
380 3373 430 3432 ubi
452 3375 514 3434 alia
529 3376 691 3435 vincantur
713 3374 884 3440 adfirmans
900 3393 931 3432 se
953 3371 1035 3450 pacis

136 3447 201 3528 ejus
229 3450 425 3532 interpretem
452 3453 515 3516 fore
542 3456 721 3534 pollicetur;
746 3464 812 3513 erat
838 3463 939 3512 auteur
968 3461 1034 3510 tum

272 3575 387 3616 ‘bl-cl.¹'
462 3596 467 3606 ι

325 3617 332 3636 J
405 3621 410 3626 .
481 3609 514 3628 0!

325 3639 330 3648 ι

239 3710 244 3735 l
