2568 3782
422 217 556 287 arnna
582 218 668 306 x'x'1,
683 221 826 384 amit
1052 227 1114 292 113

829 353 856 378 δ’
978 329 992 365 (⁴,

200 396 370 459 XXXIV.¹
406 397 597 460 Perventum'
620 397 691 460 inde
718 397 758 460 ad
785 396 973 477 frequentem
995 380 1063 460 bul-

158 479 280 540 toribus
294 478 400 552 alium‚
415 488 449 538 ut
463 479 542 556 inter
557 488 724 550 montanos,
739 479 895 558 populum.
938 478 987 538 Ibi
1001 501 1062 542 non
1089 507 1127 552 ·,,
1204 527 1207 535 ,
1224 531 1242 551 „

159 557 243 619 bello
264 557 446 637 apertosssed
467 561 527 619 suis
548 559 674 632 artibus,
695 557 804 618 fraude
824 569 854 618 et
874 559 1001 633 insidiis,
1018 570 1063 624 est

159 657 256 719 prope
277 640 512 702 circumventus.
555 641 669 718 Magno
691 649 765 699 natu
787 639 939 718 principes
959 642 1064 702 castel-

159 719 262 780 lorum
286 711 419 800 oratores
437 719 478 779 ad
503 719 639 782 Poeuurn
659 720 796 792 veniunt,
820 720 945 782 ‘alienis
965 722 1063 795 malis,
1097 721 1117 782 ὀ

160 801 232 860 utili
252 799 402 879 exemplo,
416 799 536 869 doctos'
551 809 751 864 memorantes
765 800 947 861 ‘amicitiam
973 802 1063 866 malle

160 901 253 959 quam
276 880 340 943 vim
366 870 500 960 experiri
524 880 714 952 Poenorum;
743 880 846 958 itaque
870 881 1063 952 oboedienter

160 961 313 1040 imperata
331 960 481 1033 facturos,
503 971 704 1022 commeatum
726 959 901 1040 itinerisque
922 961 1012 1023 duces
1034 973 1064 1023 et

161 1042 200 1102 ad
215 1041 307 1101 fidem
321 1042 535 1120 promissorum
552 1042 669 1102 obsides
679 1042 848 1120 acciperet!
891 1041 1062 1117 Hannibal,

161 1141 217 1182 nec
242 1130 355 1182 temere
380 1117 643 1194 credendumrnec
665 1123 888 1200 aspernandum
912 1132 1004 1196 ratus,
1026 1144 1064 1184 ne
1079 1126 1118 1190 10

161 1203 316 1281 repudiati
338 1211 441 1281 aperte
462 1202 560 1268 hostes
581 1203 695 1278 fierent,
712 1202 840 1281 benigne
857 1222 926 1262 cum
944 1223 1064 1282 respon-

160 1282 263 1347 disset,
281 1279 436 1344 obsidibus
457 1282 668 1362 quosdabant
688 1285 821 1366 acceptis
843 1291 873 1343 et
894 1294 1063 1348 commeatu

161 1383 251 1442 quem
274 1363 306 1422 in
328 1363 411 1423 viam
436 1363 494 1441 ipsi
519 1363 693 1426 detulerant
713 1383 793 1436 usus,
816 1383 1006 1442 nequaquam
1030 1374 1065 1426 ut

161 1444 241 1504 inter
255 1452 381 1523 pacatos
395 1444 550 1522 conposito
564 1445 685 1522 agmine
695 1443 786 1504 duces
801 1463 902 1506 eorum
918 1446 1063 1527 sequitur.

161 1524 301 1586 Primum
317 1545 425 1602 agmen
440 1525 594 1604 elephanti
609 1535 639 1585 et
652 1526 770 1604 equites
783 1535 889 1597 erant;
912 1526 974 1606 ipse
996 1537 1064 1609 post
1079 1527 1118 1588 15

161 1626 231 1666 cum
247 1603 354 1666 robore
368 1605 506 1683 peditum
521 1607 776 1684 circumspectans
797 1607 945 1668 sollicitus
962 1612 1065 1669 omnia

160 1684 331 1748 incedebat.
374 1684 438 1747 Ubi
453 1687 485 1746 in
500 1687 706 1765 angustiorem
723 1687 804 1748 viam
820 1697 850 1746 et
864 1698 950 1766 parte
967 1689 1065 1756 altera

159 1765 329 1846 subjectam
340 1765 414 1844 jugo
425 1766 548 1846 insuper
559 1767 723 1828 inminenti
731 1776 855 1827 ventum
868 1778 920 1840 est,
930 1769 1065 1848 undiquc

159 1867 200 1906 ex
224 1846 345 1906 insidiis
369 1845 500 1920 barbari,
515 1867 535 1908 a
558 1847 667 1921 fronte,
688 1847 727 1908 ab
752 1857 837 1926 tergo
862 1849 965 1922 coorti,
987 1869 1065 1910 com·

160 1927 272 2000 minus,
287 1928 409 1986 eminus
430 1937 547 2006 potunt,
568 1948 643 1988 saxa
664 1929 800 2006 ingentia
824 1929 856 1988 in
881 1949 991 2007 agmen
1016 1930 1065 1990 de·
1078 1931 1119 1993 20

159 2005 484 2110 volvuntffMaxima
508 2007 547 2068 ab
571 2011 724 2087 tergoris
747 2009 904 2070 hominum
927 2010 1064 2089 urgebat.

160 2085 199 2148 In
215 2108 266 2148 eos
281 2107 368 2150 versa
381 2089 519 2166 peditum
540 2089 619 2148 acies
640 2089 716 2149 haut
735 2089 864 2150 dubium
884 2090 965 2164 iecit,
980 2093 1064 2170 quin,

160 2169 220 2228 uisi
241 2168 363 2228 firmata
384 2177 521 2228 extrema
542 2170 672 2247 agminis
694 2169 829 2242 fuissent,
851 2170 957 2249 ingens
977 2173 1010 2231 in
1029 2193 1064 2232 eo

159 2249 241 2309 saltu
257 2247 434 2327 accipienda
449 2248 551 2310 clades
565 2249 665 2312 i'uerit.
708 2250 794 2310 Tunc
812 2271 931 2330 quoque
952 2252 991 2312 ad
1013 2271 1063 2312 ex·

159 2338 293 2390 tremum
305 2328 432 2406 periculi
444 2349 480 2389 ac
491 2347 585 2408 prope
596 2331 760 2410 perniciem
770 2342 895 2391 ventum
907 2341 967 2406 est;
983 2352 1063 2404 nam,
1079 2333 1118 2394 25

160 2409 236 2468 dum
251 2417 414 2470 cunctatur
428 2409 589 2470 Hannibal
606 2411 764 2471 demittere
785 2431 894 2489 agmen
909 2414 941 2472 in
956 2433 1063 2494 angus-

159 2491 228 2558 tias,
251 2489 324 2568 quia
344 2509 414 2561 non,
437 2498 471 2550 ut
492 2490 554 2569 ipsc
579 2491 731 2570 equitibus
757 2493 907 2570 praesidio
927 2502 1001 2566 erat,
1019 2494 1064 2556 ita

160 2569 315 2650 peditibus
337 2570 499 2648 quicquam
521 2570 560 2631 ab
581 2581 666 2650 tergo
687 2571 797 2630 auxilii
821 2573 995 2652 reliquerat,
1017 2593 1064 2634 oc·

160 2658 317 2710 cursantes
346 2669 400 2727 per
428 2650 552 2729 obliqua
583 2652 730 2725 montani,
758 2653 928 2732 interrupto
965 2654 1063 2714 medio

160 2731 292 2810 agmine,
304 2731 396 2795 ¹viam
416 2729 561 2804 insedere,
582 2752 703 2810 noxque
724 2753 786 2792 una
806 2733 978 2796 Hannibali
999 2735 1063 2796 sine
1078 2734 1117 2796 30
1150 2809 1152 2814 Α

159 2809 314 2890 equitibus
329 2819 419 2889 etque
434 2811 647 2890 inpedimentis
662 2821 731 2872 acta
746 2821 798 2873 est.

200 2891 346 2951 XXXV.
389 2891 513 2952 Postero
539 2891 598 2965 die,
622 2894 688 2972 jam
716 2894 835 2972 segnius
862 2895 1063 2956 intercursan-

160 2971 243 3032 tibus
269 2971 414 3043 barbaris,
432 2971 558 3049 junctae
582 2973 696 3052 copiae,
718 2975 873 3052 saltusque
893 2976 976 3036 baud
997 2978 1063 3036 sine

160 3051 257 3124 clade,
283 3053 395 3130 majore
424 3063 525 3111 tamen
550 3053 758 3130 jumentorum
787 3075 877 3132 quam
905 3056 1062 3116 hominum

182 3131 303 3204 ernicie,
318 3142 486 3210 superatus.
530 3132 606 3192 Iude
621 3135 758 3193 montani
773 3136 930 3213 pauciores
946 3137 1011 3214 jam
1033 3145 1063 3196 ct
1078 3135 1117 3196 35

160 3151 315 3270 iatrocinii
329 3213 425 3290 magis
440 3233 532 3290 quam
547 3212 620 3272 belli
635 3235 717 3273 more
732 3215 962 3287 concursabant,
975 3216 1063 3276 ruodo

160 3291 192 3351 in
215 3293 357 3368 primum,
379 3293 469 3374 modo
490 3292 521 3350 iu
542 3293 740 3352 novissimum
761 3315 879 3371 agmen,
898 3296 1063 3373 utcumque

161 3381 215 3430 aut
232 3371 315 3430 locus
334 3373 591 3449 opportunitatem
614 3373 702 3431 daret
722 3383 776 3432 aut
797 3375 945 3450 progressi
967 3393 1063 3432 mora-

161 3453 223 3512 tive
244 3451 380 3589 agiqqqm
398 3451 584 3511 occasionem
599 3451 747 3512 fecissent.
790 3451 968 3528 Elephanti,
982 3453 1063 3510 sicut

276 3558 316 3582 ·-,-
345 3545 396 3592 rvy.
