2568 3782
160 202 220 274 118
336 217 424 264 τιτι
451 217 546 265 nivi
573 215 628 264 an
654 217 769 267 veen
799 217 988 266 counire

210 373 368 446 haberetis,
383 372 446 452 ipse
467 393 515 434 me
536 373 607 434 huic
628 373 801 436 voluntario
822 375 980 436 certamini
1001 375 1110 450 obtuli,
1182 436 1188 444 .

209 475 289 516 novo
317 454 491 532 imperatori
520 454 601 532 apud
630 475 724 514 novos
751 454 863 515 milites
890 475 988 534 pauca
1016 457 1111 518 verba

210 534 350 596 facienda
364 541 443 594 sunt.
479 533 527 592 Ne
537 554 631 614 genus
647 533 720 594 belli
734 555 810 596 neve
825 536 940 595 hostem
955 536 1110 612 ignoretis,

210 635 280 676 cum
308 615 344 675 iis
372 623 417 674 est
441 613 534 686 vobis,
557 615 677 686 milites,
699 615 908 695 pugnandum,
930 636 1004 694 quos
1028 631 1112 678 terra

177 695 347 776 durarique
371 694 471 774 priore
495 694 576 754 bello
600 695 724 768 vicistis,
748 716 768 756 a
791 694 901 774 quibus
923 697 1111 774 stipendium

209 796 263 856 per
292 775 402 855 viginti
431 795 526 834 annos
554 775 704 854 exegistis,
732 796 752 836 a
779 776 888 855 quibus
916 786 1008 855 capta
1035 777 1111 838 belli

209 856 345 936 praemia
359 855 494 917 Siciliam
510 875 546 915 ac
561 855 734 916 Sardiniam
756 855 882 930 habetis.
916 857 994 918 Erit
1015 858 1112 937 igitur

209 937 242 996 in
263 937 321 997 hoc
341 936 506 997 certamine
527 937 552 995 is
573 935 658 996 vobis
683 935 805 1014 illisque
829 936 957 1010 animus,
970 936 1030 1016 'qui
1049 939 1111 999 vic·

209 1016 327 1078 toribus
358 1025 389 1077 et
415 1016 505 1079 victis
532 1037 594 1076 esse
621 1015 706 1077 solet.
748 1012 813 1076 Nec
841 1037 923 1093 nunc
950 1017 1008 1090 illi,
1037 1019 1111 1098 quia

157 1099 196 1162 10
210 1097 333 1170 audent,
354 1097 405 1158 sed
428 1097 500 1176 quia
524 1117 641 1157 necesse
665 1105 718 1167 cst,
740 1098 907 1176 pugnaturi
934 1107 1023 1172 sunt;
1050 1099 1110 1160 nisi

209 1177 341 1251 creditis,
345 1161 408 1318 ssqui
429 1177 565 1237 exercitu
579 1177 726 1238 incolumi
742 1197 876 1256 pugnam
890 1178 1109 1254 detractavere,

209 1277 268 1332 eos,
283 1257 344 1318 dua
367 1279 401 1318 ue
416 1257 553 1350 partibus
567 1258 703 1338 peditum
719 1257 915 1337 equitumque
929 1258 962 1318 in
977 1261 1110 1320 transitu

208 1337 340 1418 Alpium
360 1339 485 1411 amissis,
502 1339 610 1418 [quum
627 1338 729 1418 plures
746 1357 842 1418 paene
857 1339 1001 1417 perierint
1015 1361 1109 1419 quam

208 1419 383 1498 supersint]
406 1417 475 1497 plus
495 1419 558 1498 spei
586 1427 690 1480 nactos
712 1439 781 1479 esse.
798 1401 833 1562 L‘
842 1419 888 1480 At
911 1420 991 1480 enim
1017 1421 1110 1498 pauci

156 1500 194 1564 15
209 1499 329 1578 quidem
361 1508 441 1572 eunt,
468 1499 521 1558 sed
549 1499 685 1578 vigentes
719 1501 801 1558 anim
863 1500 1110 1580 corporibusque,

209 1599 337 1658 quorum
352 1578 461 1640 robora
474 1599 511 1638 ao
525 1579 603 1640 vires
618 1579 672 1638 vix
686 1580 834 1640 sustinere
848 1579 895 1642 vis
915 1580 980 1645 ulla
994 1581 1107 1662 possit’

208 1659 333 1739 Effigies
354 1661 454 1732 immo,
475 1659 602 1720 umbrae
622 1659 790 1733 hominum,
811 1661 901 1734 farne,
922 1660 1043 1742 frigore,
1064 1664 1112 1724 in·-

208 1739 301 1814 luvie,
315 1740 454 1819 squalore
468 1741 574 1813 enecti,
589 1741 707 1800 contusi
721 1761 756 1800 ac
772 1741 924 1802 debilitati
939 1743 1018 1804 inter
1031 1765 1110 1805 saxa

208 1831 357 1900 rupesque
366 1843 373 1894 ;
395 1821 506 1880 adhoc
521 1821 655 1898 praeusti
671 1830 763 1893 artus,
779 1822 850 1882 nive
865 1823 996 1902 rigentes
1010 1826 1109 1898 nervi,

156 1905 195 1969 20
208 1901 344 1961 membra
359 1901 475 1961 torrida
488 1901 567 1978 gelu,
577 1911 718 1979 quassata
728 1901 885 1981 fractaque
899 1924 994 1977 arma,
1004 1905 1110 1965 claudi

208 2001 245 2042 ac
269 1980 383 2042 debiles
404 1981 483 2060 equi.
507 1981 604 2042 *Cum
630 1981 686 2042 hoc
707 1983 817 2061 equite,
838 2003 907 2043 cnm
928 1985 985 2045 hoc
1006 1985 1111 2064 pedite

231 2063 374 2141 ugnaturi
401 2061 488 2133 estis;
524 2061 669 2140 reliquias
697 2073 847 2124 extremas
876 2065 1018 2139 hostium,
1045 2087 1108 2126 non

208 2082 325 2202 bostem
350 2141 516 2215 habebitis;
538 2162 574 2200 ac
595 2141 674 2201 nihil
695 2144 792 2222 magis
812 2165 926 2217 vereor,
947 2167 1038 2224 quam
1060 2167 1109 2220 ne,

209 2243 262 2284 vos
290 2242 360 2282 cum
388 2223 606 2302 pugnaveritis,
634 2222 731 2302 Alpes
760 2223 866 2284 vicisse
898 2225 1109 2286 Hannibalem

155 2307 194 2368 25
208 2303 380 2365 videantur.
422 2301 482 2362 Sed
506 2303 550 2363 ita
575 2303 701 2364 forsitan
727 2303 838 2375 decuit,
861 2324 931 2364 cum
952 2307 1109 2368 foederum

208 2393 331 2462 ruptore
346 2383 423 2442 duce
437 2403 472 2443 ac
487 2382 601 2462 populo
616 2383 686 2444 deos
701 2383 709 2444 i
734 2405 780 2444 sos
801 2385 866 2444 sine
887 2385 951 2447 ulla
972 2387 1109 2448 humana

208 2483 264 2542 ope
284 2463 472 2524 committere
486 2484 521 2523 ac
536 2463 699 2542 profligare
713 2405 845 2538 bellum,
860 2486 923 2540 nos,
938 2469 990 2546 qui
1004 2489 1109 2528 secun-

207 2544 281 2603 dum
302 2543 373 2603 deos
387 2543 495 2604 violati
515 2563 628 2616 sumus,
643 2545 833 2605 commissum
855 2567 892 2606 ac
912 2547 1109 2628 profligatum

195 2623 361 2684 ‘conficere
386 2626 434 2680 ·::l
515 2699 518 2703 Ι

154 2707 194 2769 30
248 2704 336 2764 XLI.
411 2723 450 2765 on
475 2724 589 2778 vereor,
613 2705 743 2784 nequis
767 2725 815 2766 me
839 2707 915 2768 haec
940 2709 1109 2800 vestrilad-

143 2821 145 2828 ·
208 2785 351 2852 hortandi
382 2805 473 2846 causa
505 2785 665 2863 magnifice
700 2785 783 2864 loqui
817 2786 1108 2871 existimetffipsum

207 2865 297 2926 alitor
317 2866 419 2926 auimo
444 2865 598 2926 adfectum
619 2885 689 2925 esse,
732 2865 837 2926 Licuit
859 2869 891 2926 in
912 2867 1108 2958 Hispaniam,

207 2947 396 3026 provinciam
424 2966 533 3018 meam,
561 2965 621 3023 quo
644 2947 710 3023 jam
739 2947 891 3024 profectus
918 2969 1011 3021 eram,
1037 2971 1108 3010 cum

207 3027 342 3090 exercitu
361 3027 405 3086 ire
422 3047 497 3098 meo,
513 3025 565 3084 ubi
587 3035 617 3085 et
638 3028 763 3084 fratrem
786 3028 904 3087 consilii
926 3030 1108 3110 participem

155 3107 193 3168 35
207 3129 243 3170 ac
264 3107 391 3186 periculi
412 3107 526 3170 socium
549 3105 699 3178 haberem,
715 3115 745 3164 et
763 3106 989 3169 Hasdrubalem
1006 3111 1108 3188 potius

207 3208 297 3268 quam
320 3185 528 3244 Hannibalem
549 3185 675 3256 hostem,
691 3195 722 3270 et
742 3187 888 3246 minorem
911 3190 992 3248 haud
1014 3190 1108 3251 dubie

207 3268 317 3327 molem
347 3266 436 3335 belli;
465 3274 576 3332 tamen,
605 3285 673 3322 cum
703 3268 948 3342 praeterveherer
976 3271 1108 3330 navibus

206 3347 329 3408 Galliae
340 3366 433 3416 orem,
444 3344 482 3403 ad
498 3344 610 3403 famam
623 3344 712 3421 liujus
729 3345 820 3405 hostis
835 3347 867 3405 in
883 3358 993 3408 terram
1010 3371 1107 3428 egres·

205 3449 265 3499 sus,
279 3427 441 3506 praemisso
460 3424 607 3502 equitatu,
623 3423 663 3483 ad
684 3425 870 3485 Rhodanum
892 3430 974 3488 movi
995 3427 1103 3492 castra

1049 3530 1053 3538 v
