2568 3782
436 193 682 304 arnna-xm,
707 225 836 290 57-58.
1075 229 1137 296 135

217 391 359 452 Ceterum
374 414 412 454 ne
432 394 559 455 hiberna
573 395 695 474 quidem
710 397 856 461 Roman'rs
870 402 973 482 quieta
986 411 1082 476 erant,

177 472 361 557 vagantibus
381 475 492 552 passim
513 475 655 535 Numidis
676 478 827 556 equitibus
847 491 886 552 et,
900 489 933 541 at
946 503 1083 564 quaeque

176 553 213 614 iis
235 553 431 632 impeditiora
451 564 548 628 erant,
563 554 723 616 Celtiberis
747 556 973 639 Lusitanisque.
1015 563 1087 625 Om-

176 653 229 694 nes
243 636 340 713 igitur
355 634 490 712 undique
504 635 601 694 clausi
617 646 802 698 commeatus
826 650 923 712 erant,
939 642 999 702 nisi
1013 665 1087 724 quos

178 714 263 775 Pado
278 734 371 775 naves
385 713 594 776 subveherent
640 716 820 796 Emporium
846 741 940 802 prope
962 723 1088 786 Placen·
1121 726 1140 786 5

177 796 253 856 tiam
276 796 336 855 fuit
356 805 387 855 et
407 815 497 874 opere
518 817 628 876 magno
653 799 806 859 munitum
823 812 854 861 et
869 802 973 864 valido
988 806 1116 867 firma‘

177 887 254 937 tum'
268 875 429 956 praesidio.
472 875 548 956 Ejus
573 879 691 939 castelli
720 882 920 960 expugnandi
942 904 1086 964 specum

177 958 331 1036 equitibus
345 977 381 1017 ac
396 957 458 1018 levi
473 969 630 1020 armatura
655 961 809 1038 profectus
830 962 1001 1037 Hannibal,
1016 987 1086 1026 cum

177 1039 346 1118 plurimum
361 1040 393 1098 in
408 1039 535 1099 celando
551 1041 672 1120 incepto
689 1042 731 1102 ad
746 1043 884 1104 effectum
906 1065 921 1105 s
943 1046 970 1105 ei
991 1047 1086 1107 habu·

177 1120 257 1192 isset,
278 1130 367 1180 nocte
386 1120 512 1182 adortus
535 1141 596 1182 non
619 1122 732 1183 fefellit
747 1123 863 1202 vigiles.
906 1067 1022 1186 llantur
1043 1147 1086 1188 re·
1100 1125 1140 1188 10

176 1210 268 1280 pente
282 1199 398 1261 clamor
411 1210 456 1260 est
470 1202 618 1276 sublatus,
628 1214 664 1264 ut
680 1202 857 1265 Placentiae
869 1225 987 1285 quoque
1000 1208 1084 1268 audi·

176 1290 269 1342 retur.
306 1281 415 1361 Itaque
428 1281 486 1341 snb
501 1283 600 1344 lucem
613 1305 682 1344 cum
696 1287 834 1363 equitatu
850 1286 954 1346 consul
969 1289 1084 1361 aderat,

177 1363 439 1442 jussisquadrato
463 1364 585 1443 agmine
607 1365 778 1445 legionibus
800 1367 892 1444 sequi.
934 1367 1084 1446 Equestrc

177 1443 305 1502 interim
319 1443 470 1522 proelium
494 1447 705 1519 commissum
728 1446 759 1505 in
781 1465 850 1524 quo,
871 1447 944 1526 quia
963 1449 1084 1509 saucius

176 1522 339 1584 Hannibal
364 1546 467 1605 pugna
492 1527 630 1599 excessit,
658 1547 770 1606 pavore
798 1526 934 1590 hostibus
962 1527 1137 1608 injecto,15

175 1604 333 1665 defensum
357 1607 476 1685 egregie
502 1607 688 1686 praesidium
713 1616 766 1668 est
810 1606 982 1668 Paucorum
1012 1609 1083 1670 inde

175 1685 295 1746 dierum
320 1687 420 1766 quiete
447 1696 579 1767 sumpta,
601 1698 640 1761 et,
664 1688 794 1750 vixdum
822 1688 895 1748 satis
922 1697 1083 1768 percurato

175 1767 311 1841 vulnere,
326 1768 366 1828 ad
382 1767 578 1829 Victumvias
601 1768 821 1849 oppugnandas
836 1769 879 1828 ire
894 1771 1001 1848 pergit.
1044 1769 1082 1830 Id

175 1850 344 1927 emporium
367 1849 514 1909 Romanis
538 1849 662 1910 Gallico
684 1849 764 1909 bello
785 1849 902 1922 fuerat3
928 1850 1080 1910 munitum

174 1929 246 1988 inde
267 1931 367 1990 locum
390 1930 661 2009 frequentaverant
683 1929 808 1990 adcolae
832 1930 922 1992 mixti
947 1931 1081 2012 undique
1096 1927 1136 1990 20

174 2029 215 2070 ex
233 2010 371 2072 finitimis
392 2011 522 2090 populis,
537 2020 567 2072 ct
588 2020 654 2072 tum
676 2021 773 2071 terror
793 2010 1024 2089 populationum
1046 2031 1081 2072 co

174 2090 334 2170 plerosque
347 2113 386 2152 ex
401 2093 482 2172 agris
498 2091 685 2171 conpulerat.
730 2090 833 2170 Hujus
847 2090 964 2169 generis
979 2091 1081 2152 multi·

173 2171 259 2245 tudo,
280 2175 364 2233 lama
387 2174 508 2252 inpigre
533 2172 649 2233 defensi
674 2172 716 2232 ad
737 2171 927 2232 Placentiam
947 2172 1080 2250 praesidi

173 2272 310 2326 accensa,
325 2254 416 2314 armis
438 2253 567 2333 arreptis
589 2253 713 2314 obviam
736 2251 911 2312 Hannibali
932 2253 1078 2330 procedit.

173 2332 276 2412 Magis
299 2336 422 2415 agmina
445 2355 537 2414 quam
562 2334 642 2395 acies
666 2334 697 2393 iu
721 2332 772 2394 via
795 2341 1021 2404 concurrerunt,
1040 2343 1079 2407 et,
1095 2327 1133 2388 25

173 2433 245 2475 cum
259 2435 298 2476 ex
311 2416 409 2476 altera
423 2425 510 2496 parte
525 2415 603 2475 nihil
621 2424 741 2494 praeter
756 2413 943 2473 inconditam
958 2412 1079 2473 turbam

172 2505 258 2569 esset,
273 2497 305 2556 in
326 2497 424 2558 altera
444 2506 475 2557 et
495 2497 560 2556 dux
579 2495 672 2556 militi
689 2504 719 2556 et
733 2494 804 2554 duci
820 2492 907 2553 miles
920 2493 1024 2565 fidens,
1039 2494 1079 2554 ad

172 2576 302 2656 triginta
316 2578 449 2657 quinque
463 2576 550 2638 milia
565 2577 722 2638 hominum
739 2595 757 2635 a
772 2575 876 2653 paucis
891 2573 967 2633 fusa.
1009 2573 1080 2635 Pos-

172 2666 238 2718 tero
253 2659 302 2718 die
317 2658 470 2719 deditione
486 2658 568 2718 facta
583 2657 770 2736 praesidium
780 2655 874 2716 'intra
892 2654 1012 2714 moenia
1031 2675 1080 2715 ac·

172 2751 295 2818 cepere;
313 2739 448 2818 jussique
462 2759 549 2799 arma
563 2738 683 2798 tradere
706 2757 774 2798 cum
798 2736 881 2796 dicto
899 2735 1079 2814 paruissent,
1094 2727 1134 2790 30

172 2821 294 2898 signum
309 2831 433 2899 repente
443 2818 610 2881 victoribus
624 2819 726 2892 datur,
742 2827 778 2878 ut
793 2827 948 2896 tamquam
964 2816 996 2879 vi
1010 2836 1080 2896 cap·

171 2908 237 2960 tarn
260 2900 365 2960 urbem
389 2900 565 2979 diriperent,
587 2919 685 2978 neque
709 2899 785 2972 ulla,
808 2919 885 2977 quae
908 2897 939 2955 iu
964 2897 1020 2956 tali
1045 2918 1078 2958 re

172 2981 378 3041 memorabilis
401 2980 602 3041 scribentibus
627 2980 724 3042 videri
755 2979 840 3053 solet,
866 2978 1077 3057 praetermissa

171 3141 358 3202 inhumanae
378 3141 538 3220 superbiae
559 3139 674 3200 editum
701 3141 732 3199 in
757 3141 879 3201 miseros
905 3139 1079 3218 exemplum
1094 3141 1134 3202 35

171 3233 224 3281 est
267 3222 338 3282 Hae
351 3223 436 3282 fuere
451 3220 595 3281 hibernae
610 3221 817 3299 expeditiones
833 3220 1033 3280 Hannibalis.

204 3301 336 3363 ¹LVIII.
349 3302 475 3362 -Haud
490 3302 574 3380 longi
587 3301 660 3361 inde
674 3302 827 3380 temporis,
843 3301 917 3360 dum
940 3299 1080 3360 intolera-

172 3380 248 3442 bilia
262 3383 377 3462 frigora
391 3392 488 3455 erant‚
502 3383 588 3461 quim
602 3382 693 3440 militi
708 3382 782 3440 data
796 3390 857 3448 est;
880 3390 911 3439 et
925 3381 964 3436 ad
978 3380 1080 3456 prima

171 3481 209 3522 ac
223 3461 318 3522 dubia
331 3464 419 3542 signa
427 3460 670 3540 verIsprofectus
681 3480 720 3519 ex
730 3458 868 3518 bibernis
877 3457 910 3514 in
919 3457 1077 3518 Etruriam
