2520 3784
480 227 740 281 rnnnrn‘rro.
1050 204 1092 267 15

170 401 313 464 Ceterum
333 404 388 456 aut
409 413 457 452 me
477 409 562 450 umor
584 385 697 465 negotii
718 381 850 462 suscepti
872 379 964 452 fallit,
985 387 1040 439 sut

129 515 217 577 nulla
239 529 384 589 umquam
403 503 576 586 respublica
589 520 645 560 nee
659 499 756 576 major
769 517 825 557 neo
840 496 973 556 sanctior
986 516 1041 556 nee

130 629 219 690 bonis
232 621 380 701 exemplis
395 619 488 679 ditior
502 615 570 688 fuir,
581 634 636 674 neo
651 613 683 671 in
698 633 790 691 quum
806 612 962 674 civitatem
977 622 1040 673 tam

130 763 215 806 serae
242 737 375 800 avaritia
406 733 590 812 luxuriaque
626 730 870 809 inmigruverint‚
898 751 955 792 neo
988 729 1041 790 ubi

131 870 236 926 tantus
257 878 294 918 ao
316 867 379 917 tam
401 855 454 914 diu
476 852 650 932 paupertati
673 872 709 910 se
730 850 933 930 parsimoniae
948 849 1043 909 honos
1077 846 1097 906 ὅ

132 977 245 1038 fuerit:
261 973 336 1034 adeo
351 981 464 1052 quanto
480 990 581 1029 rerum
597 969 706 1040 minus,
720 978 805 1028 tanto
818 967 918 1030 minus
929 963 1044 1044 eupidi-

133 1097 207 1159 tatis
227 1103 301 1154 erat.
342 1091 449 1170 Nuper
471 1090 598 1151 divitius
619 1088 781 1150 avaritiam
803 1093 833 1144 ei
854 1080 1043 1144 abundantes

133 1217 309 1294 voluptates
333 1211 515 1271 desiderium
543 1229 598 1288 per
627 1207 736 1266 luxum
765 1211 856 1280 atque
884 1195 1043 1257 libidinem

135 1331 285 1414 pereundi
296 1329 500 1407 perdendique
512 1325 614 1387 omnia
626 1325 778 1382 invexere.
809 1312 868 1375 Sed
882 1307 1044 1390 querellae,

136 1463 256 1513 netum
271 1448 391 1530 quidem
409 1453 512 1526 gratae
526 1441 657 1510 futurae,
673 1454 741 1495 oum
764 1427 892 1490 forsitan
913 1439 1044 1482 necesss-
1060 1417 1098 1477 10

137 1569 201 1628 riae
215 1574 314 1638 erunt,
330 1563 369 1624 ab
383 1559 471 1620 initio
486 1564 566 1617 certe
580 1561 684 1614 tantae
699 1543 863 1607 ordiendae
877 1539 920 1600 rei
935 1535 1044 1597 absint.

138 1681 216 1744 (ium
232 1679 320 1740 bonis
334 1675 433 1756 potius
454 1667 605 1732 ominibus
621 1663 759 1739 votisque
774 1667 804 1717 et
819 1647 1046 1734 precationibus

139 1797 264 1856 deorum
287 1790 480 1865 dearumque,
501 1782 536 1852 si,
561 1787 596 1839 ut
617 1775 720 1856 poetis,
735 1769 821 1830 nobis
843 1784 963 1846 quoque
983 1780 1047 1822 mus

140 1918 225 1980 esset,
246 1903 390 1966 libentius
414 1899 622 1976 inciperemus,
644 1898 680 1950 ut
703 1885 777 1947 orsis
801 1888 924 1942 tantum
948 1875 1047 1956 operis

140 2039 293 2084 successus
307 2032 463 2098 prosperos
476 2009 592 2070 durent.
1062 1985 1102 2044 15
