2568 3782
393 285 525 332 urana
552 285 667 350 xxrr,
696 267 825 333 21-22.
1047 207 1110 332 ldd

152 443 309 506 cedentem
338 442 378 504 ad
402 442 558 504 Oceanum
585 441 810 504 Hasdrubalem
835 441 878 504 cis
902 439 1056 502 Hiberum

152 525 191 585 ad
213 525 309 585 socios
330 524 474 584 tutandos
495 524 633 584 retraxit.
676 524 784 585 Castra
803 522 922 583 Punica
936 522 969 582 in
983 542 1056 602 agro

153 604 446 683 Ilergavonensium,
461 613 562 665 castra
575 604 716 664 Romana
729 604 769 663 ad
784 603 906 663 Novam
922 602 1057 664 Classem

153 695 249 757 eraut,
266 705 336 744 cum
354 683 437 743 sarna
454 705 561 763 repens
580 684 643 744 alio
664 683 777 744 avertit
797 683 923 744 bellum.
965 683 1056 744 Celti-

151 760 224 834 beri,
247 763 300 841 qui
328 763 478 841 principes
506 761 636 840 regionis
670 782 742 821 suae
776 761 890 839 legatos
924 761 1062 820 miserant
1089 765 1108 825 5

151 841 329 919 obsidesque
356 842 503 901 dederant
531 841 686 913 Romanis,
707 841 814 899 nuntio
843 840 945 900 misso-
960 861 979 898 a
1000 839 1061 900 Sci·

151 921 241 999 pione
266 917 361 979 exciti
384 939 471 978 arma
495 919 632 997 capiunt,
652 916 842 996 provinciam
866 938 902 977 ue
927 917 1054 980 Cartha·

151 999 335 1078 giniensium
356 999 459 1060 valido
481 998 617 1058 exercitu
641 997 803 1060 invadunt.
844 937 918 1057 dria
941 1000 1054 1078 oppida

152 1081 184 1140 vi
208 1088 403 1158 expugnant;
424 1078 496 1138 inde
523 1098 593 1140 cum
620 1078 686 1156 ipso
714 1075 911 1137 Hasdrubale
936 1078 1054 1139 duobus
1107 1110 1115 1122 ·

152 1160 275 1239 proeliis
288 1160 407 1238 egregie
418 1168 574 1238 pugnant;
589 1159 628 1218 ad
640 1157 814 1237 quindecim
825 1157 911 1218 milia
922 1158 1054 1219 hostium
1069 1162 1108 1223 10

153 1241 339 1312 occiderunt,
364 1250 509 1318 quattuor
532 1239 619 1300 milia
643 1259 714 1299 cum
739 1237 845 1298 multis
869 1239 1054 1301 militaribus

152 1321 246 1400 siguis
267 1321 400 1400 capiunt.

192 1400 307 1462 XXII.
350 1401 420 1462 Hoc
441 1410 523 1462 statu
544 1421 645 1461 rerum
666 1400 697 1459 in
719 1398 874 1479 Hispania
895 1399 929 1460 P.
952 1399 1054 1480 Scipio
1161 1445 1163 1449 ,

153 1482 185 1542 in
201 1480 391 1561 provinciam
406 1483 500 1555 venit,
515 1489 677 1560 prorogato
697 1489 765 1559 post
786 1481 977 1541 consulatum
1001 1483 1055 1541 im·

153 1564 238 1643 perio
252 1561 293 1622 ab
307 1571 413 1622 senatu
434 1564 551 1635 missus,
565 1582 634 1623 cum
656 1561 785 1639 triginta
804 1561 904 1641 longis
925 1561 1056 1623 navibus
1070 1565 1110 1626 15

153 1653 184 1704 et
204 1653 272 1703 octo
294 1641 418 1703 milibus
439 1643 582 1716 militum,
606 1661 778 1720 magnoque
805 1651 977 1703 commeatu
1004 1643 1055 1702 ad·

153 1733 249 1784 vecto.
273 1773 275 1778 ,
292 1723 340 1784 Ea
355 1722 457 1783 classis
471 1724 577 1801 ingens
591 1723 714 1801 agmine
727 1722 936 1782 onerariarum
948 1723 1055 1802 procul

153 1805 220 1865 visa
235 1823 305 1864 cum
320 1823 431 1882 magna
446 1803 563 1864 laetitia
578 1803 692 1864 civium
711 1802 920 1882 sociorumque
934 1813 1056 1882 portum

154 1884 335 1945 Tarraconis
356 1904 394 1944 ex
415 1883 478 1944 alto
499 1883 606 1944 tenuit.
649 1881 699 1942 Ibi
713 1882 812 1942 milite
828 1885 975 1962 exposito,
989 1905 1056 1963 pro·

154 1965 252 2026 fectus
266 1964 368 2043 Scipio
382 1964 472 2024 fratri
485 1984 517 2024 se
530 1964 706 2044 conjungit3
727 1983 763 2024 ac
777 1963 887 2023 deinde
902 1966 1055 2036 communi
1070 1969 1111 2030 20

154 2046 256 2106 animo
268 2045 393 2104 consilio
416 2065 453 2104 ue
462 2043 608 2123 gerebant
619 2043 744 2104 bellurn.
785 2043 951 2122 Occupatis
961 2043 1057 2122 igitur

155 2066 457 2203 Carthaginiensibus
472 2123 654 2184 Celtiberico
669 2123 759 2196 bello,
774 2123 857 2184 haud
876 2133 1057 2198 cunctanter

155 2205 313 2266 Hiberum
333 2205 607 2282 transgrediuntur,
632 2225 688 2264 neo
713 2204 777 2265 ullo
798 2205 863 2266 viso
889 2203 982 2274 hoste,
1003 2203 1056 2266 Sa-

154 2294 285 2365 guntum
314 2294 445 2365 pergunt
473 2286 526 2357 ire,
551 2284 633 2363 quod
657 2284 701 2345 ibi
724 2284 843 2346 obsides
865 2285 959 2346 totius
984 2285 1056 2346 His·

154 2366 265 2446 panias
286 2365 414 2425 traditos
434 2364 474 2425 ab
495 2363 675 2424 Hannibale
694 2365 777 2425 lama
798 2374 864 2425 erat
884 2365 1002 2426 modico
1023 2366 1056 2426 in
1070 2369 1110 2432 25

155 2467 225 2508 arce
240 2445 385 2506 custodiri
400 2445 559 2524 praesidio.
601 2444 748 2504 Idunum
786 2446 874 2524 iguus
895 2446 1055 2507 inclinatos

155 2527 195 2588 ad
218 2527 390 2598 Romanam
412 2525 585 2586 societatem
609 2527 744 2584 omnium
764 2466 940 2605 llispa'niae
960 2548 1054 2605 popu·

154 2608 254 2668 lorum
275 2608 391 2667 animos
411 2607 597 2678 morabatur,
611 2625 650 2665 ne
670 2606 819 2686 sanguine
839 2606 971 2667 liberum
990 2627 1055 2669 suo·

154 2709 223 2748 rum
238 2687 330 2766 culpa
344 2688 520 2748 defectionis
533 2687 676 2747 lueretur.

194 2768 243 2830 Eo
270 2767 395 2829 vinculo
419 2767 604 2846 Hispaniam
633 2769 683 2828 vir
709 2786 797 2828 unus.
816 2766 932 2829 sollerti
959 2768 1110 2848 magis30

154 2869 247 2930 quam
269 2848 353 2908 fideli
374 2848 499 2909 consilio
521 2846 661 2909 exsolvit.
703 2846 831 2908 Abelux
848 2858 914 2908 erat
927 2847 1056 2927 Sagunti

153 2929 266 2990 nobilis
294 2928 461 3008 Hispanus,
488 2927 566 2988 fidus
595 2937 666 2988 ante
693 2927 822 3000 Poenis;
849 2938 924 3001 tum,
954 2929 1057 3006 qualia

154 3011 334 3089 plerumque
360 3018 432 3070 sunt
460 3008 658 3070 barbarorum
688 3009 821 3087 ingenia,
843 3029 913 3069 cum
934 3008 1057 3070 fortuna

154 3098 329 3152 mutaverat
343 3089 442 3150 fidem.
484 3089 624 3150 Ceterum
642 3091 831 3168 transfugam
849 3090 913 3148 sine
928 3109 1057 3167 magnae

154 3172 196 3232 rei
212 3171 384 3251 proditione
399 3170 567 3231 venientem
591 3170 628 3228 ad
652 3169 745 3228 hostis
766 3170 843 3228 nihil
864 3169 949 3230 aliud
964 3188 1055 3247 quam
1071 3173 1110 3233 35

153 3271 249 3312 unum
264 3250 432 3329 vileatque
447 3251 560 3310 infame
575 3270 683 3327 corpus
698 3270 760 3309 esse
774 3259 867 3322 ratus,
882 3248 913 3308 id
935 3248 1056 3328 agebat,

153 3343 294 3410 utquam
310 3350 490 3390 maxumum
506 3329 742 3390 emolumentum
760 3333 846 3389 novis
868 3329 956 3389 sociis
972 3340 1055 3389 esset

153 3411 388 3490 Circumspectis
403 3410 499 3489 igitur
513 3409 663 3480 omnibus,
674 3428 752 3486 quae
762 3408 886 3484 fortuna
899 3409 1057 3486 potestatis

152 3492 216 3573 ejus
237 3500 359 3572 poterat
379 3491 487 3565 l‘acerc,
508 3487 665 3551 obsidibus
688 3487 877 3568 potissimum
901 3485 1058 3547 tradendis
