2568 3782
172 221 238 284 174
345 237 434 283 r1r1
462 237 557 286 nrvr
584 238 640 284 Aa
666 239 781 285 vana
810 239 1001 288 conorrn

226 415 296 456 cum
321 395 353 455 in
378 401 477 456 castra
501 395 635 457 reditum
659 404 743 468 esset,
765 396 929 471 Minucius,
956 401 1137 462 convocatis

226 475 386 550 militibus,
403 481 518 554 “saepe
538 497 593 555 ego
604 477 621 502 ’'
644 476 745 554 inquit
767 481 784 508 “
793 477 909 551 audivi,
924 480 1049 554 milites,
1062 500 1136 542 eum

227 558 360 635 primum
381 577 444 616 esse
459 557 569 630 virum,
591 557 643 636 qui
668 558 733 636 ipse
750 558 897 618 consulat
917 560 992 638 quid
1013 561 1047 620 in
1068 582 1137 622 rem

162 667 163 670 ¹
225 638 283 709 sit;
304 637 471 696 secundum
486 657 564 710 eum,
579 638 632 716 qui
648 637 725 697 bene
738 639 875 698 monenti
896 639 1057 713 oboediat3
1079 644 1136 721 qui

193 717 282 778 bnec
303 718 367 795 ipse
388 717 542 777 consulere
563 737 618 778 nec
639 717 728 777 alteri
753 737 860 796 parere
883 720 969 793 sciat,
990 741 1060 780 eum
1081 739 1136 782 ex-

227 798 316 857 tremi
331 797 446 876 ingenii
460 817 530 856 esse.
573 797 670 858 Nobis
690 799 835 876 quoniam
850 799 951 877 prima
970 801 1067 862 animi
1088 803 1135 862 in-

226 878 368 956 geniique
382 885 493 955 negata
506 897 570 938 sors
583 887 637 951 est,
651 877 816 938 secundam
838 899 875 938 ac
896 880 1028 940 mediam
1050 891 1135 942 tene·

224 978 322 1031 amus,
337 966 376 1030 et,
391 957 465 1016 dum
480 957 630 1036 imperare
650 957 803 1029 discimus,
819 979 926 1038 parere
939 961 1085 1040 prudenti
1100 963 1134 1024 in

226 1039 364 1097 animum
385 1037 574 1098 inducamus.
616 1037 726 1098 Castra
746 1059 817 1098 cum
840 1037 937 1102 Fabio
953 1041 1133 1120 jungamus.

173 1117 212 1179 10
227 1117 279 1177 Ad
300 1118 487 1197 praetorium
511 1120 575 1199 ejus
601 1119 691 1197 signa
714 1139 785 1180 cum
808 1119 979 1194 tulerimus,
999 1121 1056 1181 ubi
1076 1143 1134 1202 ego

227 1219 297 1258 eum
326 1199 518 1277 ‘parentem'
547 1200 752 1278 appellavero,
780 1199 863 1276 quod
891 1199 1038 1262 beneficio
1067 1205 1133 1282 ejus

225 1299 296 1358 erga
316 1299 371 1339 nos
392 1298 427 1338 ac
448 1279 605 1358 majestate
626 1279 690 1358 ejus
709 1278 839 1358 dignum
859 1289 914 1354 est,
928 1301 991 1355 vos,
1006 1282 1132 1358 milites,

219 1380 276 1432 eos,
297 1379 424 1438 quorum
452 1379 506 1419 vos
526 1358 615 1419 modo
643 1379 730 1419 arma
757 1379 791 1418 cc
811 1359 956 1420 dexterae
979 1369 1133 1436 texerunt,

220 1439 396 1518 ‘patronos’
423 1437 603 1511 salutabitis,
625 1449 663 1512 et,
690 1439 716 1499 si
742 1439 821 1499 nihil
849 1439 944 1512 aliud,
972 1449 1133 1520 gratorum

155 1533 156 1536 ’
169 1524 207 1584 15
220 1528 298 1579 certe
312 1518 397 1579 nobis
411 1518 581 1577 animorum
596 1519 726 1597 gloriam
741 1519 804 1580 dies
818 1520 869 1579 hic
884 1519 1029 1580 dederit''

259 1599 372 1659 XXX.
414 1597 506 1685 Signo
534 1599 614 1670 dato,
643 1599 852 1659 conclamatur
885 1599 965 1673 inde,
987 1608 1023 1660 ut
1048 1601 1134 1661 cellia

218 1687 331 1760 gantur
365 1699 447 1740 vasa.
502 1677 636 1738 Profecti
664 1687 694 1738 et
728 1679 850 1758 agmine
884 1679 1058 1740 incedentes
1092 1681 1134 1742 od

225 1758 382 1820 dictatoris
403 1765 503 1818 castra
522 1757 555 1817 in
576 1757 809 1818 admirationem
823 1764 855 1816 et
867 1755 967 1834 ipsum
981 1765 1013 1817 et
1026 1777 1132 1821 omnes

225 1839 279 1918 qui
306 1839 388 1899 circa
415 1845 503 1898 erant
531 1844 755 1898 converterunt.
798 1834 845 1897 Ut
868 1836 1036 1896 constituta
1059 1846 1134 1899 suut

172 1921 211 1982 20
224 1928 296 1980 aute
317 1917 452 1979 tribunal
473 1918 569 1995 signa,
590 1936 764 1996 progressus
789 1925 860 1977 ante
884 1915 961 1976 alios
984 1917 1133 1996 magister

225 2000 370 2078 equitum,
386 2018 454 2058 oum
472 1998 623 2076 ‘patrem'
639 1997 772 2056 Fabium
794 1994 985 2076 appellasset,
1001 1997 1132 2058 circum·

224 2080 365 2158 fusosque
384 2078 516 2138 rnilitum
538 2079 602 2156 ejus
623 2086 720 2139 totum
742 2097 851 2156 agmen
869 2077 1045 2153 ‘patronos’
1062 2098 1132 2137 con·

225 2161 394 2232 salutasset,
410 2164 427 2190 ·‘
439 2157 613 2237 parentibus
623 2159 640 2184 ''
657 2158 758 2237 inquit
780 2163 797 2188 “
808 2157 890 2229 meis,
905 2157 1048 2230 dictator,
1066 2160 1132 2236 qui·

224 2239 280 2300 bus
301 2249 332 2302 te
353 2240 441 2299 modo
462 2240 592 2312 nomine,
614 2239 695 2318 quod
720 2237 813 2298 fando
836 2257 966 2317 possum,
987 2238 1132 2315 aequavi,

171 2321 210 2384 25
224 2321 321 2382 vitam
343 2328 463 2380 tautum
484 2318 587 2392 debeo,
609 2320 666 2380 tibi
687 2339 758 2379 cum
780 2337 879 2378 meam
899 2317 1041 2391 salutem,
1063 2329 1131 2378 tum

224 2401 361 2461 omnium
375 2400 494 2460 horum.
536 2399 646 2479 Itaque
659 2399 761 2480 plebei
775 2399 895 2472 scitum,
911 2418 972 2478 quc
985 2407 1132 2458 oneratus

219 2499 282 2538 rum
309 2479 404 2557 magis
433 2499 524 2558 quam
551 2478 724 2550 honoratus,
746 2477 862 2558 primns
890 2478 1017 2557 antiquo
1045 2479 1132 2540 abre

240 2580 325 2642 oque,
346 2579 379 2618 cc
402 2557 496 2638 (quod
518 2559 575 2620 tibi
594 2559 730 2638 mihique
753 2559 864 2638 [quod]
883 2559 1133 2638 exercitibusque

219 2581 269 2697 lis
291 2638 359 2710 tuis,
373 2646 493 2697 servato
514 2657 550 2698 ac
572 2639 786 2711 conservatori,
801 2638 842 2697 sit
863 2637 973 2710 felixl)
994 2635 1052 2696 sub
1074 2637 1129 2696 im·

169 2719 208 2781 30
222 2717 340 2796 perium
368 2719 598 2798 auspiciumque
626 2731 713 2780 tuum
743 2719 841 2792 redeo,
871 2717 1024 2794 essigna
1052 2715 1129 2776 haec

222 2799 408 2877 legionisque
429 2801 563 2862 restituo.
604 2799 661 2874 Tu,
683 2820 804 2880 quaeso,
828 2798 968 2878 placatus
992 2816 1041 2855 me
1066 2817 1129 2856 ma«

221 2879 377 2957 gisterium
393 2881 539 2958 equitum,
554 2883 608 2942 hos
623 2883 743 2942 ordines
764 2900 832 2940 suos
854 2897 1005 2958 quemque
1025 2886 1130 2936 tenere

222 2960 359 3039 jubeaa”
401 2961 479 3039 'lfum
494 2963 621 3022 dextrae
636 2963 846 3042 interjunctae,
862 2958 1045 3036 militesque,
1061 2977 1130 3016 con-

221 3043 304 3102 tione
318 3041 450 3115 dimissa,
460 3043 499 3104 ab
510 3043 589 3104 notis
602 3043 773 3122 ignotisque
783 3041 915 3119 benigne
926 3047 1019 3116 atque
1030 3037 1131 3116 hospi·

169 3121 208 3181 35
221 3122 325 3182 taliter
333 3123 465 3195 invitati,
475 3124 632 3201 laetusque
644 3123 706 3183 dies
715 3143 754 3182 ex
766 3120 931 3186 admodum
942 3119 1023 3180 tristi
1036 3117 1131 3196 paulo

221 3214 293 3260 ante
308 3223 344 3261 ac
359 3223 452 3280 prope
466 3203 633 3262 execrabili
647 3203 755 3262 factus,
817 3243 827 3253 .-

263 3281 387 3352 Romae,
403 3291 495 3342 otest
510 3282 628 3358 perlata
642 3282 725 3341 fama
740 3281 782 3340 rei
799 3289 910 3360 gestae,
926 3279 997 3338 dein
1017 3277 1131 3338 litteris

222 3375 281 3417 non
300 3359 395 3435 magia
409 3360 541 3436 ipsorum
555 3361 878 3438 imperatorumquam
890 3360 981 3436 volgo
992 3359 1131 3420 militum

221 3455 260 3496 en
276 3439 552 3528 utroquqexercitu
566 3439 738 3512 adfirmata,
753 3459 809 3518 pro
829 3459 861 3498 se
883 3440 1012 3518 quisque
1027 3437 1130 3508 Maxi·
