2520 3784
458 249 592 296 mann
618 248 644 312 1,
663 227 802 294 -47-48.
1080 219 1126 292 'di

170 410 285 482 sedens,
306 413 407 487 patres
431 407 464 466 in
489 406 605 466 curiam
629 423 683 483 per
707 421 885 482 praeconem
910 399 950 460 ad
972 418 1074 480 regem

170 489 375 570 Tarquinium
397 487 485 546 citari
501 485 600 565 jussit.
643 483 818 543 Convenere
839 481 1001 561 extemplo,
1020 481 1073 540 alii

173 573 238 650 jam
254 579 327 630 ante
344 568 383 627 ad
399 568 456 627 hoc
468 566 652 646 praeparati,
661 563 822 634 alii'metu,
832 583 869 621 ne
884 583 944 622 non
960 561 1075 622 venisse

170 651 274 712 fraudi
290 658 375 720 esset,
392 647 528 707 novitate
542 665 578 706 ac
593 643 741 704 miraculo
760 643 883 703 attoniti
903 651 934 704 et
950 644 1015 722 jam
1036 642 1075 702 de

170 731 277 793 Servio
293 739 396 790 actum
411 728 479 788 rati.
1109 723 1129 782 5

211 812 262 871 Ibi
277 810 462 889 Tarquinius
484 806 648 866 maledicta
669 804 708 864 ab
729 804 823 882 stirpe
844 803 954 864 ultima
974 823 1074 862 orsus:

173 897 320 953 ¹servum
350 908 497 968 servaque
526 895 643 958 natum,
665 894 734 965 post
761 893 888 944 mortem
917 883 1075 962 indignam

170 974 306 1052 parentis
334 973 390 1044 sui,
418 991 480 1030 non
508 969 690 1045 interregno,
712 974 747 1026 ut
776 975 875 1036 antea,
901 965 986 1037 inito,
1014 983 1075 1024 non

170 1055 303 1114 comitiis
317 1051 439 1124 habitis,
454 1071 515 1111 non
531 1069 584 1129 per
599 1047 778 1126 suffragium
792 1045 908 1125 populi,
923 1065 982 1104 non
1006 1063 1076 1104 auc-

168 1135 289 1194 toribus
310 1133 457 1213 patribus,
479 1128 622 1190 muliebri
648 1128 728 1188 dono
753 1147 881 1206 regnum
905 1143 1075 1204 occupasse.
1092 1121 1131 1184 10

171 1214 223 1274 Ita
243 1225 360 1286 natum,
376 1215 419 1273 ita
434 1221 569 1272 creatum
584 1230 695 1288 regem,
713 1210 862 1269 fautorem
878 1207 975 1266 infimi
989 1227 1077 1285 gene-

170 1297 213 1355 ris
227 1297 396 1366 hominum,
411 1315 448 1354 ex
464 1313 525 1372 quo
538 1293 602 1371 ipse
616 1292 663 1364 sit,
680 1291 751 1351 odio
772 1289 889 1350 alienae
911 1287 1077 1348 honestatis

170 1386 309 1454 ereptum
326 1375 509 1454 primoribus
530 1393 638 1451 agrum
654 1371 861 1432 sordidissimo
877 1370 986 1448 cuique
1000 1368 1078 1429 divi-

170 1457 259 1527 sisse;
275 1456 377 1517 omnia
392 1475 491 1527 onera,
504 1473 582 1533 quae
597 1453 770 1514 communia
786 1452 938 1530 quondam
953 1449 1075 1521 fuerint,

171 1536 333 1596 inclinasse
355 1537 385 1595 in
408 1535 553 1614 primores
574 1535 727 1606 eivitatis3
756 1533 921 1593 instituisse
944 1527 1131 1604 censum‚'15

170 1626 207 1678 ut
227 1617 354 1696 insignis
375 1617 414 1676 ad
436 1616 585 1676 invidiam
607 1615 841 1694 locupletiorum
861 1613 984 1674 fortuna
1002 1621 1077 1672 esset

171 1707 203 1758 et
216 1709 335 1776 parata,
350 1698 438 1769 unde,
454 1696 508 1758 ubi
523 1696 624 1769 vellet,
640 1696 840 1774 egentissimis
857 1694 1039 1774 largiretur.¹
1061 1700 1065 1710 ’

212 1777 370 1840 XLVIII.
414 1777 498 1836 Huic
513 1776 642 1836 orationi
665 1775 789 1838 Servius
811 1796 879 1836 cum
901 1776 1077 1836 interveuIs-

169 1869 217 1919 set
239 1858 358 1937 trepido
383 1858 491 1918 nuntio
520 1858 679 1930 excitatus,
703 1857 857 1936 extemplo
878 1877 902 1918 a
926 1857 1076 1918 vestibulo

170 1940 277 2014 curiae
301 1960 412 2018 magna
433 1958 507 2000 voce
528 1938 630 2017 “quid
651 1938 738 1998 hoc''
759 1939 868 2018 inquit,
892 1923 1131 2017 “Tarquinisdb

168 2021 216 2080 'rei
245 2020 311 2080 est?
331 2033 393 2099 qua
419 2029 453 2080 tu
482 2019 612 2079 audacia
641 2039 689 2079 me
710 2020 782 2086 viso
805 2040 915 2080 vocare
936 2021 1025 2078 ausus
1046 2029 1077 2079 e's

172 2109 274 2180 patres
295 2109 350 2160 aut
368 2101 400 2160 in
421 2100 497 2161 sede'
512 2099 666 2160 considere
680 2099 803 2160 vmea?'’
842 2099 920 2160 Cum
936 2099 989 2159 illc
1003 2100 1077 2160 fero·

173 2181 249 2241 citer
276 2180 316 2241 ad
344 2182 435 2242 haec:
458 2185 516 2240 “se
536 2181 631 2260 patris
653 2181 700 2240 sui
723 2191 825 2242 tenere
847 2181 957 2260 sedem,
980 2181 1077 2240 multo

173 2281 265 2340 quam
285 2281 404 2323 servum
420 2260 566 2341 potiorem
588 2261 686 2321 filium
709 2263 788 2340 regis
811 2261 897 2340 regni
919 2261 1077 2333 heredem;

173 2343 246 2402 satis
270 2343 359 2401 illum
381 2343 434 2402 diu
460 2363 514 2421 per
536 2341 693 2402 licentiam
720 2342 892 2402 eludentem
919 2341 1079 2401 insultasse
1094 2337 1132 2401 25

174 2422 332 2496 domiuis‚'’
355 2423 470 2483 clamor
491 2423 530 2482 ab
552 2423 711 2501 utriusque
735 2423 904 2484 fautoribus
926 2422 1031 2494 oritur,
1048 2431 1079 2482 et

174 2523 337 2564 concursus
351 2504 456 2582 populi
471 2503 564 2563 fiebat
578 2503 611 2562 in
628 2504 754 2576 curiam,
768 2503 1003 2583 apparebatque,
1015 2523 1078 2581 reg·

156 2593 328 2652 naturum,
349 2587 401 2663 qui
423 2585 552 2645 vicisset.
595 2583 673 2643 Tum
695 2583 888 2662 Tarquinius,
904 2585 1079 2645 necessitate

175 2665 239 2743 jam
253 2665 343 2724 etiam
357 2667 421 2743 ipsa
432 2673 558 2744 cogente
570 2665 681 2724 ultima
692 2665 812 2736 audere,
823 2665 921 2724 multo
935 2672 965 2724 et
979 2675 1079 2724 aetate

174 2753 205 2805 et
219 2745 335 2805 viribus
349 2745 488 2818 validior,
505 2744 640 2804 medium
663 2746 773 2824 arripit
792 2745 931 2806 Servium
953 2745 1078 2805 elatum·
1094 2745 1133 2806 30

175 2845 233 2904 que
248 2846 264 2886 e
278 2826 364 2885 curia
378 2827 410 2884 iu
426 2826 600 2885 inferiorem
620 2837 738 2904 partem
761 2847 814 2904 per
835 2826 947 2904 gradus
969 2826 1078 2897 deicit3

174 2907 246 2966 inde
271 2906 309 2966 ad
337 2907 505 2984 cogendum
532 2916 671 2966 senatum
697 2907 728 2965 in
755 2907 871 2966 curiam
896 2907 983 2967 redit.
1026 2905 1079 2966 Fit

174 2987 248 3064 fuga
270 2987 347 3065 regis
370 2987 580 3065 apparitorum
602 2993 694 3065 atque
716 2988 878 3058 comituur;
900 2987 964 3066 ipse
985 3005 1079 3065 prope

174 3069 337 3146 exsanguis
359 3067 397 3126 ab
420 3068 464 3139 iis,
485 3066 538 3146 qui
557 3067 642 3126 'missi
664 3067 703 3126 ab
724 3067 891 3146 Tarquinio
912 3067 1078 3145 fugientem
1115 3129 1120 3136 ¹

175 3149 327 3208 consecuti
343 3156 452 3219 -erant,
483 3147 674 3208 interficitur.
698 3179 701 3184 ·
731 3147 884 3219 Creditur,
913 3148 986 3226 quia
1018 3167 1077 3205 non
1093 3140 1132 3206 35

174 3229 319 3302 abherret
342 3249 360 3288 a
383 3237 485 3288 cetero
506 3229 625 3300 scelere,
642 3228 799 3288 admonitu
824 3227 944 3288 Tulliae
966 3226 996 3285 id
1018 3226 1078 3284 fac·

172 3313 249 3369 t'u'm.
290 3309 446 3386 Carpento
461 3317 552 3381 certe,
562 3308 594 3367 id
609 3309 689 3387 quod
705 3309 778 3368 satis
794 3316 922 3377 constat,
932 3307 965 3364 in'
979 3305 1078 3364 forum

172 3390 306 3462 invecta,
316 3401 372 3448 nec
382 3390 518 3449 'reverita
531 3389 813 3457 coetum'virorum,
823 3385 963 3445 evocavit
978 3383 1079 3441 virum

174 3471 473 3548 e=ouria,'regemque
488 3469 588 3548 prima
602 3465 780 3545 appellavit.
822 3463 854 3522 A
864 3471 924 3539 quo
935 3462 1079 3519 facessere
