2568 3782
159 212 225 278 126
328 227 418 275 r1r1
445 227 623 277 n1v1an
648 227 763 277 vasa
792 227 991 276 connrra

214 384 295 446 centi
308 385 433 464 equites,
448 384 593 464 vigilibus
611 384 650 446 ad
665 394 768 465 portas
782 385 951 459 trucidatis,
966 386 1005 447 ad
1028 387 1118 448 Han·

212 465 348 526 nibalem
375 465 602 545 transfugiunt;
626 486 700 545 quos
728 466 847 526 Poenus
875 467 1004 546 benigne
1032 469 1118 530 adlo·

212 556 310 619 cutus,
321 554 352 606 et
362 566 415 625 spe
425 547 594 625 ingentium
610 547 758 606 donorum
773 566 913 607 accensos
928 548 959 608 in
974 548 1117 610 civitates

180 645 363 766 5quemque
386 647 455 687 suas
479 627 518 686 ad
543 627 751 686 sollicitandos
776 627 969 706 popularium
997 630 1116 690 animos

235 707 336 767 imisit.
378 706 479 786 Scipio
497 707 619 767 caedem
637 727 703 767 eam
725 707 846 786 signum
863 708 1040 769 delectionis
1054 731 1117 768 om-

212 787 298 846 nium
324 786 485 848 Gallorum
511 807 573 847 esse
597 797 690 860 ratus,
712 797 926 867 contactosque
946 809 981 849 eo
1002 789 1117 850 scelere

212 866 299 928 velut
313 867 426 946 injecta
440 867 524 927 rabie
538 868 577 928 ad
593 889 679 928 arma
693 868 797 941 ituros,
813 889 998 947 quamquam
1012 869 1117 948 gravis

212 946 314 1008 adhuc
328 948 454 1009 vulnere
475 958 549 1020 erat,
571 958 673 1008 tamen
695 958 805 1028 quarta
825 949 932 1027 vigilia
952 951 1051 1010 noctis
1072 951 1117 1010 in·

212 1028 364 1106 sequentis
375 1029 468 1088 tacito
479 1029 600 1107 agmine
610 1029 771 1108 profectus,
781 1029 820 1089 ad
833 1028 975 1088 Trebiam
985 1028 1117 1090 fluvium

160 1109 200 1180 10
214 1109 280 1187 jam
295 1108 327 1167 in
338 1106 406 1168 loca
416 1108 527 1169 altiora
539 1109 683 1188 collisque
694 1109 899 1188 impeditiores
910 1111 1006 1188 equiti
1017 1119 1118 1170 castra

92 1183 118 1214 '¹
213 1197 323 1250 movet.
365 1189 469 1249 Minus
490 1183 636 1268 quadi'ad
652 1189 793 1250 Ticinum
808 1189 936 1264 fefellit;
958 1191 1117 1269 missisque

214 1268 375 1329 Hannibal
396 1269 529 1348 primurn
551 1269 703 1342 Numidis,
726 1269 836 1330 deinde
860 1271 943 1330 omui
967 1271 1117 1350 equitatu,

213 1348 364 1410 turbasset
392 1350 497 1428 utique
525 1350 723 1411 novissimum
758 1370 876 1429 agmen,
905 1351 937 1409 ni
967 1351 1118 1412 aviditate

213 1430 344 1509 praedae
371 1430 402 1490 in
428 1451 526 1491 vacua
550 1431 692 1492 Romana
716 1441 816 1490 castra
836 1430 991 1491 Numidae
1012 1431 1117 1492 dever-

162 1511 200 1572 lt
214 1510 327 1572 tissent.
363 1509 413 1570 Ibi
428 1511 500 1570 dum
515 1519 739 1590 perscrutantes
753 1511 821 1571 loca
834 1512 937 1572 omnia
949 1520 1118 1572 castrorum

213 1591 301 1650 nullo
315 1592 387 1652 satis
402 1591 495 1670 digno
511 1613 612 1652 morae
626 1593 724 1670 pretio
737 1601 856 1670 tempus
867 1600 979 1664 terunt,
991 1593 1118 1652 emissus

214 1671 308 1732 hostis
323 1681 368 1732 est
382 1671 419 1732 de
433 1672 591 1744 manibus;
614 1684 644 1732 et
663 1692 733 1731 curn
750 1673 815 1751 jam
832 1681 1033 1751 transgressos
1048 1673 1118 1732 Tre·

214 1751 298 1814 biam
327 1752 479 1813 Romanos
513 1753 713 1831 metantisque
748 1761 847 1812 castra
882 1752 1117 1832 conspexissent,

215 1853 327 1912 paucos
358 1847 543 1894 moratorum
573 1833 751 1894 occiderunt
778 1835 856 1892 citra
883 1832 997 1892 flumen
1026 1833 1118 1892 inter-

162 1913 201 1976 20
216 1913 471 1992 coptosq'Scipio
491 1933 546 1973 nec
561 1915 754 1974 vexationem
775 1913 910 1974 vulneris
931 1913 963 1972 in
986 1913 1037 1974 via
1054 1915 1119 1992 jac-

216 1995 273 2054 tati
287 1994 368 2054 ultra
378 1995 496 2073 patiens
511 2004 541 2054 et
551 1993 700 2072 collegam
717 1994 796 2074 (jam
808 1995 930 2053 enimet
942 2005 1119 2054 revocatum

216 2093 256 2133 ex
276 2073 383 2134 Sicilia
404 2075 558 2150 audierat)
575 2084 658 2134 ratus
679 2074 912 2153 expectandum,
933 2074 1044 2146 locum,
1065 2073 1119 2152 qui

215 2175 311 2234 prope
331 2154 443 2215 flumen
466 2156 634 2215 tutissimus
655 2155 774 2216 stativis
795 2164 843 2216 fflt
858 2155 949 2226 visus,
965 2154 1117 2214 delectum

216 2235 403 2295 communiit.
446 2234 511 2294 Nec
531 2234 636 2314 procul
658 2235 729 2298 inde
750 2233 910 2294 Hannibal
928 2255 997 2294 cum
1018 2253 1119 2294 conse-

162 2315 317 2388 audisset,
346 2324 495 2394 quantum
524 2316 654 2377 victoria
688 2316 818 2394 equestri
854 2315 960 2388 elatus,
995 2323 1119 2374 tantum

215 2397 326 2455 anxius
340 2397 453 2474 inopia,
468 2416 546 2474 quae
566 2416 619 2476 per
641 2396 774 2456 hostium
795 2415 882 2474 agros
904 2405 1034 2467 euntem,
1050 2415 1119 2454 nus·

216 2495 307 2555 quam
329 2478 517 2554 praeparatis
539 2477 764 2550 commeatibus,
784 2477 880 2555 marjor
900 2476 932 2534 in
953 2475 1018 2534 dies
1039 2475 1120 2535 exci-

215 2555 329 2636 piebat,
344 2557 384 2616 ad
399 2555 583 2617 Clastidium
598 2559 785 2636 vicumque
806 2577 950 2634 magnum
970 2554 1119 2616 frumenti

215 2655 375 2696 numerum
390 2647 601 2715 congesserant
615 2637 756 2710 Romani,
769 2637 871 2696 mittit.
913 2635 962 2695 Ibi
974 2656 1045 2696 cum
1054 2637 1119 2698 vim

162 2719 368 2795 superarent,
396 2736 462 2796 spes
490 2717 573 2777 facta
601 2717 799 2796 proditionis;
824 2737 879 2777 nec
907 2735 979 2776 sane
1007 2736 1119 2794 magno

216 2798 323 2876 pretio,
346 2797 478 2856 nummis
506 2798 605 2858 aureis
633 2797 872 2878 quadringentis,
896 2797 991 2856 Dasio
1019 2796 1119 2856 Brun·

131 2901 133 2906 ’
215 2877 313 2938 disiuo
339 2878 490 2956 praelecto
515 2879 646 2958 praesidi
671 2890 823 2956 corrupto,
845 2878 979 2938 traditur
999 2876 1120 2936 Hanni·

215 2957 278 3018 bali
294 2957 486 3018 Clastidium.
528 2957 567 3018 Id
585 2959 725 3020 horreum
741 2959 801 3019 fuit
816 2959 925 3018 Poenis
945 2957 1119 3017 sedentibus

215 3039 255 3098 ad
280 3037 431 3099 Trebiam.
474 3037 513 3097 In
538 3041 674 3117 captivos
699 3060 737 3098 ex
762 3040 877 3100 tradito
901 3037 1061 3118 praesidio,
1085 3047 1120 3098 ut

162 3119 201 3180 35
216 3118 297 3178 fama
324 3118 512 3196 ¹clementiae
539 3120 572 3177 in
600 3119 752 3198 principio
784 3140 886 3180 rerum
914 3119 1119 3197 colligeretur,

215 3198 293 3256 nihil
314 3201 463 3259 saevitum
485 3206 537 3258 est.

256 3276 380 3338 XLIX.
423 3277 500 3337 Cum
529 3277 569 3337 ad
596 3277 739 3337 Trebiam
760 3287 908 3338 ¹terrestre
936 3277 1120 3338 constitisset

215 3355 341 3430 bellum,
356 3358 479 3416 interim
494 3357 576 3416 circa
590 3356 728 3417 Siciliam
745 3357 920 3438 insulasque
939 3355 1051 3418 Italiae
1066 3359 1121 3416 im·

216 3437 364 3498 minentes
385 3446 415 3498 et
436 3457 455 3496 a
475 3436 652 3516 Sempronio
673 3437 796 3498 consule
810 3447 840 3499 et
859 3449 931 3499 aute
951 3437 1120 3500 adventum
