2520 3784
431 249 564 297 urana
589 249 614 314 1,
642 232 773 298 36-38.
1060 233 1102 298 tr

184 407 368 470 XXXVII.
412 406 482 468 Hae
510 416 595 486 parte
623 406 780 484 copiarum
816 415 907 468 aucta
937 407 1048 470 iterum

142 506 214 561 'oum
230 488 352 549 Sabinis
367 487 549 566 confligitur.
592 487 651 547 Sed
667 499 878 566 praeterquam
894 489 974 566 quod
990 491 1048 550 vir·

142 569 213 629 ibus
236 577 376 630 creverat
397 568 554 627 Romanus
575 569 736 639 exereitus,
755 589 794 626 ex
815 567 935 627 occulto
956 571 1047 630 etiarn

142 650 272 711 additur
290 648 388 722 dolus,
402 648 508 720 missis,
523 648 575 728 qui
597 667 740 726 magnam
756 648 818 708 vim
839 647 1001 728 lignorum,
1017 653 1048 711 in

143 730 276 792 Anienis
304 730 372 808 ripa
395 729 556 808 jacentem,
585 728 740 787 ardentem
772 729 802 788 in
832 728 945 790 flumen
969 731 1049 792 coni·
1083 736 1103 796 5

144 824 266 883 cerent3
287 820 439 888 ventoque
454 810 584 889 juvante
604 829 731 868 accensa
752 809 845 887 ligna,
861 819 891 870 et
905 811 1049 890 pleraque

143 892 178 952 in
200 891 318 951 ratibus
342 891 467 968 inpacta
490 890 615 950 sublicis
640 911 710 949 eum
736 890 903 963 haererent,
926 902 1047 970 pontem

145 972 323 1046 incendunt.
364 971 414 1030 Ea
428 991 547 1050 quoque
563 991 607 1030 res
622 972 653 1030 in
669 991 772 1050 pugna
786 981 931 1030 terrorem
944 972 1049 1032 attulit

145 1053 277 1125 Sabinis,
302 1061 332 1113 et
355 1052 430 1112 fusis
457 1052 562 1112 eadem
590 1051 696 1130 fugam
725 1052 871 1130 inpediit;
900 1052 1049 1130 multique

145 1133 298 1206 mortales,
313 1153 383 1192 eum
397 1133 497 1192 hostes
510 1133 691 1212 effugissent,
707 1132 739 1192 iu
754 1131 880 1192 flumine
894 1132 959 1211 ipso
974 1133 1050 1211 peri·
1065 1138 1104 1198 10

145 1236 214 1287 ere;
236 1233 365 1294 quorum
387 1213 543 1274 fluitantia
564 1234 651 1273 arma
675 1212 714 1272 ad
740 1213 846 1274 urbem
871 1213 994 1291 cognita
1017 1213 1049 1272 in

145 1294 250 1355 Tiberi
272 1295 356 1374 prius
376 1315 481 1374 paene,
499 1315 591 1374 qnam
613 1293 750 1354 nuntiari
770 1303 878 1373 posset,
899 1294 1048 1372 insignem

144 1376 307 1438 victoriam
323 1376 427 1436 fecere.

186 1456 234 1516 Eo
250 1455 365 1534 proelio
384 1456 548 1535 praecipua
568 1455 706 1534 equitum
727 1454 827 1534 gloria
847 1455 923 1515 suit:
945 1453 1050 1514 utrim-

144 1557 206 1617 que
228 1537 270 1597 ab
291 1537 433 1597 cornibus
455 1537 576 1615 positos,
591 1557 662 1596 eum
679 1537 744 1616 jam
766 1536 931 1615 pelleretur
949 1535 1051 1595 media
1066 1541 1104 1601 15

144 1618 287 1698 peditum
314 1637 436 1678 suorum
464 1617 552 1690 acies,
582 1616 626 1678 ita
655 1617 817 1677 incurrisse
839 1615 879 1676 ab
903 1616 1050 1676 lateribus

144 1699 260 1772 ferunt,
274 1707 383 1759 utnon
404 1698 543 1758 sisterent
562 1698 653 1757 modo
674 1697 804 1759 Sabinas
824 1697 956 1776 legiones
976 1697 1051 1757 sero·
1081 1754 1087 1767 ,

145 1779 222 1840 citer
236 1779 384 1840 instantes
399 1777 584 1851 cedentibus,
594 1778 647 1838 sed
661 1777 762 1838 subito
773 1778 805 1836 in
818 1775 921 1855 fugam
936 1787 1050 1837 averte·

145 1870 224 1920 rent.
260 1859 381 1920 Montes
399 1858 492 1919 effuso
512 1877 602 1918 eursu
618 1857 725 1919 Sabini
745 1856 898 1937 petebant,
912 1867 942 1917 et
961 1857 1051 1936 pauci

145 1949 289 2012 tenuera;
311 1939 446 1998 maxima
461 1959 540 2018 pars,
556 1948 591 1998 ut
612 1948 683 1999 ante
704 1939 821 1998 dietum
842 1949 894 2010 est,
909 1937 948 1998 ab
969 1938 1049 2016 equi·
1065 1943 1104 2004 20

145 2020 229 2081 tibus
254 2019 422 2079 indumen
449 2019 512 2079 acti
539 2029 619 2079 sunt.
662 2018 848 2097 Tarquinius
876 2019 1050 2078 instandum
1080 2075 1087 2085 ,

145 2100 317 2180 perterritis
336 2110 429 2174 ratus,
443 2099 559 2178 praeda
580 2099 770 2178 captivisque
791 2098 922 2159 Romam
944 2099 1049 2171 missis,

144 2181 251 2260 spoliis
280 2179 412 2240 hostium
442 2179 490 2260 (id
517 2190 624 2240 votum
653 2179 797 2241 Vulcano
824 2185 904 2256 erat)
933 2179 1049 2256 ingenti

145 2260 272 2322 oumulo
300 2260 441 2333 accensis,
470 2261 570 2340 pergit
597 2281 688 2340 porro
713 2261 745 2319 in
770 2279 878 2338 agrurn
902 2258 1049 2320 Sabinum

144 2341 316 2403 exereitum
337 2340 497 2414 inducere;
520 2350 559 2413 et,
574 2361 761 2420 quamquam
782 2340 861 2399 male
881 2348 982 2418 gestae
1003 2360 1049 2400 res
1064 2345 1104 2406 25

145 2431 244 2494 erant,
259 2442 315 2482 nee
336 2429 472 2500 gesturos
491 2421 601 2481 melius
622 2441 744 2500 sperare
765 2429 915 2498 poterant,
936 2427 1048 2494 tamen,

167 2503 221 2560 uia
242 2500 419 2562 consulendi
434 2522 480 2562 res
499 2521 561 2560 non
576 2499 672 2561 dabat
691 2501 832 2579 spatium,
847 2500 908 2560 iere
928 2499 1050 2562 obviam

145 2523 255 2643 Sabini
276 2581 477 2642 tumultuario
498 2579 613 2655 milite;
635 2581 806 2660 iterumque
828 2580 873 2641 ibi
893 2580 963 2654 fusi,
986 2601 1050 2660 per·

146 2663 243 2742 ditisj
267 2683 295 2721 m
333 2683 405 2739 rope
419 2662 516 2734 rebus,
532 2683 638 2740 paoem
654 2661 773 2741 petiere.

187 2742 293 2802 XXX
327 2741 389 2802 III.
431 2742 574 2816 Collatia,
588 2753 619 2803 et
634 2741 703 2822 quic
727 2741 780 2801 uid
794 2742 871 2802 citra
885 2740 1049 2802 Collatiam
1065 2747 1104 2807 30

146 2823 215 2902 agri
237 2832 311 2895 erat,
336 2821 457 2882 Sabinis
480 2824 675 2902 ademptum
697 2763 826 2899 &genus
855 2822 972 2895 (fratris
1000 2822 1050 2882 hic

145 2903 229 2964 filius
243 2913 309 2963 erat
320 2903 413 2983 regis)
426 2902 576 2963 Collatiae
587 2905 619 2962 in
630 2902 780 2982 praesidio
791 2902 923 2966 relictus.
959 2902 1051 2963 Dedi·

145 2993 193 3046 tos
215 3004 254 3045 ue
274 2983 445 3044 Collatinos
465 2984 509 3044 ita
530 2984 656 3062 accipio,
670 3003 798 3061 eamque
817 2982 979 3043 deditionis
993 2984 1051 3042 for-

145 3005 265 3124 mulam
289 3083 369 3123 esse:
390 3083 446 3123 rex
470 3065 688 3142 interrogavit:
718 3064 855 3123 “estisne
879 3083 932 3124 vos
958 3063 1051 3140 legati

146 3154 342 3222 oratoresque
365 3143 448 3203 missi
476 3163 495 3203 a
522 3145 636 3223 populo
663 3142 835 3219 Conlatino,
858 3153 893 3203 ut
920 3164 973 3204 vos
1000 3146 1105 3221 p0-35

145 3225 317 3305 pulumque
330 3249 332 3252 ·
350 3222 548 3284 Conlatinum
576 3225 725 3284 dederetis
736 3225 748 3284 l
759 3224 777 3248 '’
785 3257 826 3268 -
836 3227 852 3254 “
863 3221 1001 3282 Sumus.''
1012 3255 1053 3265 -

147 3305 272 3366 “Estne
299 3304 431 3383 populus
459 3304 641 3364 Conlatinus
666 3305 697 3364 in
726 3323 781 3363 sua
805 3301 1054 3382 potestatel’'-

148 3383 509 3446 “Fiet”-l‘Deditisne
529 3403 582 3444 vos
611 3383 818 3460 populumque
846 3380 1053 3451 Conlatinum,

149 3465 265 3538 urbem,
292 3484 391 3544 agree,
415 3484 537 3544 aquam,
561 3463 715 3532 terminos,
740 3459 878 3529 delubra,
901 3457 1054 3529 utensilia,
