<?xml version="1.0" encoding="UTF-8"?>
<!DOCTYPE html PUBLIC "-//W3C//DTD XHTML 1.0 Transitional//EN"
    "http://www.w3.org/TR/xhtml1/DTD/xhtml1-transitional.dtd">
<html xmlns="http://www.w3.org/1999/xhtml" xml:lang="en" lang="en">
 <head>
  <title>
</title>
<meta http-equiv="Content-Type" content="text/html;charset=utf-8" />
  <meta name='ocr-system' content='tesseract 3.04.00' />
  <meta name='ocr-capabilities' content='ocr_page ocr_carea ocr_par ocr_line ocrx_word'/>
</head>
<body>
  <div class='ocr_page' id='page_1' title='image "./historieslivybo01chasgoog_0068.png"; bbox 0 0 2520 3784; ppageno 0'>
   <div class='ocr_carea' id='block_1_1' title="bbox 418 221 1086 306">
    <p class='ocr_par' dir='ltr' id='par_1_1' title="bbox 418 221 1086 306">
     <span class='ocr_line' id='line_1_1' title="bbox 418 221 1086 306; baseline -0.003 -17"><span class='ocrx_word' id='word_1_1' title='bbox 418 240 553 289; x_wconf 74' lang='lat' dir='ltr'>traua</span> <span class='ocrx_word' id='word_1_2' title='bbox 579 241 604 306; x_wconf 88' lang='lat' dir='ltr'>r,</span> <span class='ocrx_word' id='word_1_3' title='bbox 628 223 760 290; x_wconf 85' lang='lat'>41-43.</span> <span class='ocrx_word' id='word_1_4' title='bbox 1044 221 1086 288; x_wconf 84' lang='grc'>61</span> 
     </span>
    </p>
   </div>
   <div class='ocr_carea' id='block_1_2' title="bbox 85 394 1091 2327">
    <p class='ocr_par' dir='ltr' id='par_1_2' title="bbox 132 394 1036 716">
     <span class='ocr_line' id='line_1_2' title="bbox 132 394 1035 482; baseline -0.008 -17"><span class='ocrx_word' id='word_1_5' title='bbox 132 405 211 475; x_wconf 88' lang='lat' dir='ltr'>dere,</span> <span class='ocrx_word' id='word_1_6' title='bbox 226 421 323 482; x_wconf 89' lang='lat' dir='ltr'>prope</span> <span class='ocrx_word' id='word_1_7' title='bbox 344 399 424 460; x_wconf 90' lang='lat' dir='ltr'>diem</span> <span class='ocrx_word' id='word_1_8' title='bbox 445 398 544 478; x_wconf 91' lang='lat' dir='ltr'>ipsum</span> <span class='ocrx_word' id='word_1_9' title='bbox 566 417 616 458; x_wconf 88' lang='lat' dir='ltr'>eos</span> <span class='ocrx_word' id='word_1_10' title='bbox 629 397 763 469; x_wconf 82' lang='lat' dir='ltr'>visuros3</span> <span class='ocrx_word' id='word_1_11' title='bbox 785 396 906 457; x_wconf 91' lang='lat' dir='ltr'>interim</span> <span class='ocrx_word' id='word_1_12' title='bbox 928 394 1035 458; x_wconf 80' lang='lat' dir='ltr'>Servio</span> 
     </span>
     <span class='ocr_line' id='line_1_3' title="bbox 132 477 1034 560; baseline -0.007 -16"><span class='ocrx_word' id='word_1_13' title='bbox 132 483 235 544; x_wconf 89' lang='lat' dir='ltr'>Tullio</span> <span class='ocrx_word' id='word_1_14' title='bbox 259 480 370 560; x_wconf 88' lang='lat' dir='ltr'>jubere</span> <span class='ocrx_word' id='word_1_15' title='bbox 394 478 540 558; x_wconf 91' lang='lat' dir='ltr'>populum</span> <span class='ocrx_word' id='word_1_16' title='bbox 565 478 648 538; x_wconf 87' lang='lat' dir='ltr'>dicto</span> <span class='ocrx_word' id='word_1_17' title='bbox 672 477 843 538; x_wconf 83' lang='lat' dir='ltr'>audientem</span> <span class='ocrx_word' id='word_1_18' title='bbox 865 497 943 547; x_wconf 87' lang='lat' dir='ltr'>esse;</span> <span class='ocrx_word' id='word_1_19' title='bbox 965 497 1034 538; x_wconf 89' lang='lat' dir='ltr'>eum</span> 
     </span>
     <span class='ocr_line' id='line_1_4' title="bbox 133 557 1034 642; baseline -0.008 -18"><span class='ocrx_word' id='word_1_20' title='bbox 133 567 205 642; x_wconf 88' lang='lat' dir='ltr'>jura</span> <span class='ocrx_word' id='word_1_21' title='bbox 226 561 418 622; x_wconf 89' lang='lat' dir='ltr'>redditurum</span> <span class='ocrx_word' id='word_1_22' title='bbox 442 559 656 636; x_wconf 78' lang='lat' dir='ltr'>obiturumque</span> <span class='ocrx_word' id='word_1_23' title='bbox 669 559 732 618; x_wconf 87' lang='lat' dir='ltr'>alia</span> <span class='ocrx_word' id='word_1_24' title='bbox 747 557 824 636; x_wconf 87' lang='lat' dir='ltr'>regis</span> <span class='ocrx_word' id='word_1_25' title='bbox 845 557 950 618; x_wconf 90' lang='lat' dir='ltr'>munia</span> <span class='ocrx_word' id='word_1_26' title='bbox 963 577 1034 617; x_wconf 84' lang='lat' dir='ltr'>esse.</span> 
     </span>
     <span class='ocr_line' id='line_1_5' title="bbox 133 637 1036 716; baseline -0.008 -11"><span class='ocrx_word' id='word_1_27' title='bbox 133 644 255 706; x_wconf 89' lang='lat' dir='ltr'>Servius</span> <span class='ocrx_word' id='word_1_28' title='bbox 270 661 341 702; x_wconf 91' lang='lat' dir='ltr'>cum</span> <span class='ocrx_word' id='word_1_29' title='bbox 355 639 461 700; x_wconf 77' lang='lat' dir='ltr'>trabea</span> <span class='ocrx_word' id='word_1_30' title='bbox 475 649 506 699; x_wconf 87' lang='lat' dir='ltr'>et</span> <span class='ocrx_word' id='word_1_31' title='bbox 519 637 677 700; x_wconf 81' lang='lat' dir='ltr'>lictoribus</span> <span class='ocrx_word' id='word_1_32' title='bbox 693 638 803 716; x_wconf 88' lang='lat' dir='ltr'>prodit,</span> <span class='ocrx_word' id='word_1_33' title='bbox 815 657 860 709; x_wconf 89' lang='lat' dir='ltr'>ac,</span> <span class='ocrx_word' id='word_1_34' title='bbox 872 637 940 697; x_wconf 89' lang='lat' dir='ltr'>sede</span> <span class='ocrx_word' id='word_1_35' title='bbox 951 637 1036 716; x_wconf 85' lang='lat' dir='ltr'>regia</span> 
     </span>
    </p>

    <p class='ocr_par' dir='ltr' id='par_1_3' title="bbox 85 716 1090 1508">
     <span class='ocr_line' id='line_1_6' title="bbox 85 716 1089 796; baseline -0.008 -11"><span class='ocrx_word' id='word_1_36' title='bbox 85 729 91 738; x_wconf 94' lang='lat'>&#39;</span> <span class='ocrx_word' id='word_1_37' title='bbox 132 724 247 796; x_wconf 88' lang='lat' dir='ltr'>sedens,</span> <span class='ocrx_word' id='word_1_38' title='bbox 261 723 325 782; x_wconf 88' lang='lat' dir='ltr'>alia</span> <span class='ocrx_word' id='word_1_39' title='bbox 344 720 489 790; x_wconf 89' lang='lat' dir='ltr'>decernit,</span> <span class='ocrx_word' id='word_1_40' title='bbox 504 719 542 779; x_wconf 91' lang='lat' dir='ltr'>de</span> <span class='ocrx_word' id='word_1_41' title='bbox 563 719 633 778; x_wconf 89' lang='lat' dir='ltr'>aliis</span> <span class='ocrx_word' id='word_1_42' title='bbox 653 716 863 778; x_wconf 88' lang='lat' dir='ltr'>consulturum</span> <span class='ocrx_word' id='word_1_43' title='bbox 883 737 914 777; x_wconf 89' lang='lat' dir='ltr'>se</span> <span class='ocrx_word' id='word_1_44' title='bbox 935 737 1035 796; x_wconf 88' lang='lat' dir='ltr'>regem</span> <span class='ocrx_word' id='word_1_45' title='bbox 1069 717 1089 778; x_wconf 89' lang='lat'>5</span> 
     </span>
     <span class='ocr_line' id='line_1_7' title="bbox 133 797 1036 878; baseline -0.008 -13"><span class='ocrx_word' id='word_1_46' title='bbox 133 825 194 865; x_wconf 82' lang='lat' dir='ltr'>esse</span> <span class='ocrx_word' id='word_1_47' title='bbox 214 802 349 864; x_wconf 90' lang='lat' dir='ltr'>simulat.</span> <span class='ocrx_word' id='word_1_48' title='bbox 392 798 501 878; x_wconf 89' lang='lat' dir='ltr'>ltaque</span> <span class='ocrx_word' id='word_1_49' title='bbox 522 819 576 878; x_wconf 88' lang='lat' dir='ltr'>per</span> <span class='ocrx_word' id='word_1_50' title='bbox 597 799 714 876; x_wconf 82' lang='lat' dir='ltr'>aliquot</span> <span class='ocrx_word' id='word_1_51' title='bbox 735 797 894 870; x_wconf 81' lang='lat' dir='ltr'>dies„cum</span> <span class='ocrx_word' id='word_1_52' title='bbox 905 797 968 878; x_wconf 89' lang='lat' dir='ltr'>jam</span> <span class='ocrx_word' id='word_1_53' title='bbox 984 817 1036 858; x_wconf 87' lang='lat' dir='ltr'>ex-</span> 
     </span>
     <span class='ocr_line' id='line_1_8' title="bbox 132 878 1036 964; baseline -0.009 -18"><span class='ocrx_word' id='word_1_54' title='bbox 132 885 276 964; x_wconf 81' lang='lat' dir='ltr'>spirasset</span> <span class='ocrx_word' id='word_1_55' title='bbox 289 880 484 961; x_wconf 83' lang='lat' dir='ltr'>Tarquinius,</span> <span class='ocrx_word' id='word_1_56' title='bbox 500 880 599 939; x_wconf 87' lang='lat' dir='ltr'>celata</span> <span class='ocrx_word' id='word_1_57' title='bbox 619 888 723 950; x_wconf 88' lang='lat' dir='ltr'>morte,</span> <span class='ocrx_word' id='word_1_58' title='bbox 739 899 793 958; x_wconf 86' lang='lat' dir='ltr'>per</span> <span class='ocrx_word' id='word_1_59' title='bbox 813 879 942 957; x_wconf 87' lang='lat' dir='ltr'>speciem</span> <span class='ocrx_word' id='word_1_60' title='bbox 964 878 1036 939; x_wconf 85' lang='lat' dir='ltr'>alia·</span> 
     </span>
     <span class='ocr_line' id='line_1_9' title="bbox 132 958 1035 1042; baseline -0.008 -17"><span class='ocrx_word' id='word_1_61' title='bbox 132 985 190 1025; x_wconf 87' lang='lat' dir='ltr'>nae</span> <span class='ocrx_word' id='word_1_62' title='bbox 203 963 379 1042; x_wconf 80' lang='lat' dir='ltr'>fungendae</span> <span class='ocrx_word' id='word_1_63' title='bbox 392 961 469 1022; x_wconf 88' lang='lat' dir='ltr'>vicis</span> <span class='ocrx_word' id='word_1_64' title='bbox 483 979 552 1019; x_wconf 88' lang='lat' dir='ltr'>suas</span> <span class='ocrx_word' id='word_1_65' title='bbox 567 979 637 1037; x_wconf 93' lang='lat' dir='ltr'>opes</span> <span class='ocrx_word' id='word_1_66' title='bbox 651 958 803 1031; x_wconf 85' lang='lat' dir='ltr'>firmavit;</span> <span class='ocrx_word' id='word_1_67' title='bbox 825 969 891 1018; x_wconf 88' lang='lat' dir='ltr'>turn</span> <span class='ocrx_word' id='word_1_68' title='bbox 912 959 1035 1018; x_wconf 90' lang='lat' dir='ltr'>demum</span> 
     </span>
     <span class='ocr_line' id='line_1_10' title="bbox 132 1038 1035 1125; baseline -0.006 -20"><span class='ocrx_word' id='word_1_69' title='bbox 132 1045 238 1125; x_wconf 87' lang='lat' dir='ltr'>palam</span> <span class='ocrx_word' id='word_1_70' title='bbox 246 1045 363 1104; x_wconf 89' lang='lat' dir='ltr'>factum</span> <span class='ocrx_word' id='word_1_71' title='bbox 371 1050 415 1102; x_wconf 89' lang='lat' dir='ltr'>est</span> <span class='ocrx_word' id='word_1_72' title='bbox 424 1039 652 1119; x_wconf 81' lang='lat' dir='ltr'>conploratione</span> <span class='ocrx_word' id='word_1_73' title='bbox 663 1039 694 1098; x_wconf 92' lang='lat' dir='ltr'>in</span> <span class='ocrx_word' id='word_1_74' title='bbox 705 1038 788 1117; x_wconf 85' lang='lat' dir='ltr'>regia</span> <span class='ocrx_word' id='word_1_75' title='bbox 797 1047 872 1100; x_wconf 87' lang='lat' dir='ltr'>orta.</span> <span class='ocrx_word' id='word_1_76' title='bbox 902 1038 1035 1112; x_wconf 68' lang='lat' dir='ltr'>Servius</span> 
     </span>
     <span class='ocr_line' id='line_1_11' title="bbox 132 1119 1090 1205; baseline -0.002 -21"><span class='ocrx_word' id='word_1_77' title='bbox 132 1125 284 1205; x_wconf 77' lang='lat' dir='ltr'>praesidio</span> <span class='ocrx_word' id='word_1_78' title='bbox 299 1123 386 1183; x_wconf 90' lang='lat' dir='ltr'>firmo</span> <span class='ocrx_word' id='word_1_79' title='bbox 401 1123 545 1194; x_wconf 88' lang='lat' dir='ltr'>munitus,</span> <span class='ocrx_word' id='word_1_80' title='bbox 557 1120 673 1200; x_wconf 92' lang='lat' dir='ltr'>primus</span> <span class='ocrx_word' id='word_1_81' title='bbox 688 1119 802 1198; x_wconf 88' lang='lat' dir='ltr'>injussu</span> <span class='ocrx_word' id='word_1_82' title='bbox 815 1119 919 1198; x_wconf 93' lang='lat' dir='ltr'>populi</span> <span class='ocrx_word' id='word_1_83' title='bbox 930 1119 1036 1182; x_wconf 88' lang='lat' dir='ltr'>volun·</span> <span class='ocrx_word' id='word_1_84' title='bbox 1052 1120 1090 1184; x_wconf 86' lang='lat' dir='ltr'>lc</span> 
     </span>
     <span class='ocr_line' id='line_1_12' title="bbox 132 1199 1035 1285; baseline -0.009 -18"><span class='ocrx_word' id='word_1_85' title='bbox 132 1216 196 1267; x_wconf 84' lang='lat' dir='ltr'>tate</span> <span class='ocrx_word' id='word_1_86' title='bbox 222 1214 346 1285; x_wconf 89' lang='lat' dir='ltr'>patrum</span> <span class='ocrx_word' id='word_1_87' title='bbox 370 1203 518 1281; x_wconf 85' lang='lat' dir='ltr'>regnavit.</span> <span class='ocrx_word' id='word_1_88' title='bbox 559 1200 641 1262; x_wconf 91' lang='lat' dir='ltr'>Anci</span> <span class='ocrx_word' id='word_1_89' title='bbox 667 1199 756 1260; x_wconf 92' lang='lat' dir='ltr'>liberi</span> <span class='ocrx_word' id='word_1_90' title='bbox 773 1201 837 1280; x_wconf 86' lang='lat' dir='ltr'>jam</span> <span class='ocrx_word' id='word_1_91' title='bbox 860 1210 935 1273; x_wconf 90' lang='lat' dir='ltr'>tum,</span> <span class='ocrx_word' id='word_1_92' title='bbox 957 1220 1035 1273; x_wconf 91' lang='lat' dir='ltr'>cum,</span> 
     </span>
     <span class='ocr_line' id='line_1_13' title="bbox 132 1281 1036 1366; baseline -0.006 -19"><span class='ocrx_word' id='word_1_93' title='bbox 132 1285 309 1366; x_wconf 83' lang='lat' dir='ltr'>conprensis</span> <span class='ocrx_word' id='word_1_94' title='bbox 329 1283 448 1343; x_wconf 88' lang='lat' dir='ltr'>sceleris</span> <span class='ocrx_word' id='word_1_95' title='bbox 469 1282 623 1355; x_wconf 85' lang='lat' dir='ltr'>ministris,</span> <span class='ocrx_word' id='word_1_96' title='bbox 639 1281 743 1342; x_wconf 88' lang='lat' dir='ltr'>vivere</span> <span class='ocrx_word' id='word_1_97' title='bbox 763 1301 863 1360; x_wconf 83' lang='lat' dir='ltr'>regem</span> <span class='ocrx_word' id='word_1_98' title='bbox 885 1290 915 1340; x_wconf 91' lang='lat' dir='ltr'>et</span> <span class='ocrx_word' id='word_1_99' title='bbox 936 1289 1036 1342; x_wconf 80' lang='lat' dir='ltr'>tantas</span> 
     </span>
     <span class='ocr_line' id='line_1_14' title="bbox 133 1361 1036 1444; baseline -0.008 -17"><span class='ocrx_word' id='word_1_100' title='bbox 133 1387 196 1427; x_wconf 89' lang='lat' dir='ltr'>esse</span> <span class='ocrx_word' id='word_1_101' title='bbox 220 1385 291 1444; x_wconf 81' lang='lat' dir='ltr'>opes</span> <span class='ocrx_word' id='word_1_102' title='bbox 314 1363 401 1424; x_wconf 86' lang='lat' dir='ltr'>Servi</span> <span class='ocrx_word' id='word_1_103' title='bbox 426 1362 601 1422; x_wconf 84' lang='lat' dir='ltr'>nuntiatum</span> <span class='ocrx_word' id='word_1_104' title='bbox 627 1370 680 1435; x_wconf 84' lang='lat' dir='ltr'>est,</span> <span class='ocrx_word' id='word_1_105' title='bbox 703 1361 841 1422; x_wconf 83' lang='lat' dir='ltr'>Suessam</span> <span class='ocrx_word' id='word_1_106' title='bbox 867 1361 1036 1422; x_wconf 86' lang='lat' dir='ltr'>Pometiam</span> 
     </span>
     <span class='ocr_line' id='line_1_15' title="bbox 133 1445 422 1508; baseline -0.021 0"><span class='ocrx_word' id='word_1_107' title='bbox 133 1446 295 1508; x_wconf 83' lang='lat' dir='ltr'>exulatum</span> <span class='ocrx_word' id='word_1_108' title='bbox 316 1445 422 1503; x_wconf 89' lang='lat' dir='ltr'>ierant.</span> 
     </span>
    </p>

    <p class='ocr_par' dir='ltr' id='par_1_4' title="bbox 132 1521 1091 2168">
     <span class='ocr_line' id='line_1_16' title="bbox 173 1521 1090 1602; baseline -0.005 -15"><span class='ocrx_word' id='word_1_109' title='bbox 173 1525 284 1588; x_wconf 87' lang='lat' dir='ltr'>XLII.</span> <span class='ocrx_word' id='word_1_110' title='bbox 326 1523 391 1584; x_wconf 89' lang='lat' dir='ltr'>Nec</span> <span class='ocrx_word' id='word_1_111' title='bbox 407 1524 472 1602; x_wconf 86' lang='lat' dir='ltr'>jam</span> <span class='ocrx_word' id='word_1_112' title='bbox 495 1521 626 1601; x_wconf 84' lang='lat' dir='ltr'>publicis</span> <span class='ocrx_word' id='word_1_113' title='bbox 648 1523 744 1601; x_wconf 86' lang='lat' dir='ltr'>magis</span> <span class='ocrx_word' id='word_1_114' title='bbox 765 1524 898 1584; x_wconf 90' lang='lat' dir='ltr'>consiliis</span> <span class='ocrx_word' id='word_1_115' title='bbox 913 1522 1036 1584; x_wconf 83' lang='lat' dir='ltr'>Servius</span> <span class='ocrx_word' id='word_1_116' title='bbox 1052 1522 1090 1584; x_wconf 80' lang='lat' dir='ltr'>lb</span> 
     </span>
     <span class='ocr_line' id='line_1_17' title="bbox 132 1603 1037 1687; baseline -0.003 -20"><span class='ocrx_word' id='word_1_117' title='bbox 132 1628 228 1687; x_wconf 89' lang='lat' dir='ltr'>quam</span> <span class='ocrx_word' id='word_1_118' title='bbox 250 1604 377 1686; x_wconf 88' lang='lat' dir='ltr'>privatis</span> <span class='ocrx_word' id='word_1_119' title='bbox 398 1603 518 1662; x_wconf 89' lang='lat' dir='ltr'>munire</span> <span class='ocrx_word' id='word_1_120' title='bbox 538 1613 671 1681; x_wconf 78' lang='lat' dir='ltr'>opes,‚et,</span> <span class='ocrx_word' id='word_1_121' title='bbox 686 1624 733 1676; x_wconf 92' lang='lat' dir='ltr'>ne,</span> <span class='ocrx_word' id='word_1_122' title='bbox 748 1604 847 1682; x_wconf 88' lang='lat' dir='ltr'>qualis</span> <span class='ocrx_word' id='word_1_123' title='bbox 863 1604 944 1664; x_wconf 91' lang='lat' dir='ltr'>Anci</span> <span class='ocrx_word' id='word_1_124' title='bbox 965 1603 1037 1664; x_wconf 78' lang='lat' dir='ltr'>libe</span> 
     </span>
     <span class='ocr_line' id='line_1_18' title="bbox 132 1682 1037 1762; baseline -0.007 -13"><span class='ocrx_word' id='word_1_125' title='bbox 132 1709 203 1750; x_wconf 91' lang='lat' dir='ltr'>rum</span> <span class='ocrx_word' id='word_1_126' title='bbox 219 1688 339 1747; x_wconf 87' lang='lat' dir='ltr'>animus</span> <span class='ocrx_word' id='word_1_127' title='bbox 353 1685 497 1745; x_wconf 87' lang='lat' dir='ltr'>adversus</span> <span class='ocrx_word' id='word_1_128' title='bbox 510 1682 711 1762; x_wconf 79' lang='lat' dir='ltr'>Tarquinium</span> <span class='ocrx_word' id='word_1_129' title='bbox 727 1685 835 1756; x_wconf 86' lang='lat' dir='ltr'>fuerat,</span> <span class='ocrx_word' id='word_1_130' title='bbox 848 1684 918 1745; x_wconf 86' lang='lat' dir='ltr'>talis</span> <span class='ocrx_word' id='word_1_131' title='bbox 932 1685 1037 1746; x_wconf 87' lang='lat' dir='ltr'>adver·</span> 
     </span>
     <span class='ocr_line' id='line_1_19' title="bbox 132 1763 1038 1846; baseline -0.003 -17"><span class='ocrx_word' id='word_1_132' title='bbox 132 1790 184 1829; x_wconf 89' lang='lat' dir='ltr'>sus</span> <span class='ocrx_word' id='word_1_133' title='bbox 207 1789 239 1828; x_wconf 90' lang='lat' dir='ltr'>se</span> <span class='ocrx_word' id='word_1_134' title='bbox 261 1765 408 1844; x_wconf 83' lang='lat' dir='ltr'>Tarquini</span> <span class='ocrx_word' id='word_1_135' title='bbox 430 1763 560 1824; x_wconf 91' lang='lat' dir='ltr'>liberum</span> <span class='ocrx_word' id='word_1_136' title='bbox 583 1773 666 1836; x_wconf 89' lang='lat' dir='ltr'>esset,</span> <span class='ocrx_word' id='word_1_137' title='bbox 681 1765 756 1824; x_wconf 90' lang='lat' dir='ltr'>duas</span> <span class='ocrx_word' id='word_1_138' title='bbox 779 1765 856 1826; x_wconf 86' lang='lat' dir='ltr'>filias</span> <span class='ocrx_word' id='word_1_139' title='bbox 873 1766 1038 1846; x_wconf 84' lang='lat' dir='ltr'>juvenibus</span> 
     </span>
     <span class='ocr_line' id='line_1_20' title="bbox 133 1845 1038 1928; baseline -0.002 -19"><span class='ocrx_word' id='word_1_140' title='bbox 133 1848 226 1928; x_wconf 88' lang='lat' dir='ltr'>regiis</span> <span class='ocrx_word' id='word_1_141' title='bbox 251 1846 348 1906; x_wconf 89' lang='lat' dir='ltr'>Lucio</span> <span class='ocrx_word' id='word_1_142' title='bbox 370 1854 462 1924; x_wconf 89' lang='lat' dir='ltr'>atque</span> <span class='ocrx_word' id='word_1_143' title='bbox 483 1845 614 1904; x_wconf 89' lang='lat' dir='ltr'>Arrunti</span> <span class='ocrx_word' id='word_1_144' title='bbox 639 1845 812 1923; x_wconf 85' lang='lat' dir='ltr'>Tarquiniis</span> <span class='ocrx_word' id='word_1_145' title='bbox 833 1847 954 1925; x_wconf 82' lang='lat' dir='ltr'>jungit;</span> <span class='ocrx_word' id='word_1_146' title='bbox 982 1867 1038 1908; x_wconf 87' lang='lat' dir='ltr'>nec</span> 
     </span>
     <span class='ocr_line' id='line_1_21' title="bbox 134 1925 1091 2009; baseline -0.001 -19"><span class='ocrx_word' id='word_1_147' title='bbox 134 1930 220 2009; x_wconf 89' lang='lat' dir='ltr'>rupit</span> <span class='ocrx_word' id='word_1_148' title='bbox 234 1937 337 1987; x_wconf 89' lang='lat' dir='ltr'>tamen</span> <span class='ocrx_word' id='word_1_149' title='bbox 353 1925 410 1986; x_wconf 85' lang='lat' dir='ltr'>fati</span> <span class='ocrx_word' id='word_1_150' title='bbox 424 1925 630 1985; x_wconf 89' lang='lat' dir='ltr'>necessitatem</span> <span class='ocrx_word' id='word_1_151' title='bbox 646 1925 787 1986; x_wconf 91' lang='lat' dir='ltr'>humanis</span> <span class='ocrx_word' id='word_1_152' title='bbox 807 1928 948 1999; x_wconf 84' lang='lat' dir='ltr'>consiliis,</span> <span class='ocrx_word' id='word_1_153' title='bbox 963 1929 1036 2006; x_wconf 91' lang='lat' dir='ltr'>quin</span> <span class='ocrx_word' id='word_1_154' title='bbox 1053 1928 1091 1990; x_wconf 77' lang='lat'>20</span> 
     </span>
     <span class='ocr_line' id='line_1_22' title="bbox 134 2005 1038 2085; baseline -0.001 -16"><span class='ocrx_word' id='word_1_155' title='bbox 134 2008 257 2070; x_wconf 89' lang='lat' dir='ltr'>invidia</span> <span class='ocrx_word' id='word_1_156' title='bbox 280 2007 366 2085; x_wconf 86' lang='lat' dir='ltr'>regni</span> <span class='ocrx_word' id='word_1_157' title='bbox 390 2006 483 2067; x_wconf 88' lang='lat' dir='ltr'>etiam</span> <span class='ocrx_word' id='word_1_158' title='bbox 508 2006 588 2066; x_wconf 91' lang='lat' dir='ltr'>inter</span> <span class='ocrx_word' id='word_1_159' title='bbox 602 2005 790 2066; x_wconf 75' lang='lat' dir='ltr'>‚domesticos</span> <span class='ocrx_word' id='word_1_160' title='bbox 816 2007 910 2068; x_wconf 91' lang='lat' dir='ltr'>infida</span> <span class='ocrx_word' id='word_1_161' title='bbox 935 2007 1038 2068; x_wconf 87' lang='lat' dir='ltr'>omnia</span> 
     </span>
     <span class='ocr_line' id='line_1_23' title="bbox 135 2086 488 2168; baseline -0.014 -17"><span class='ocrx_word' id='word_1_162' title='bbox 135 2099 229 2168; x_wconf 87' lang='lat' dir='ltr'>atque</span> <span class='ocrx_word' id='word_1_163' title='bbox 243 2087 353 2147; x_wconf 87' lang='lat' dir='ltr'>infesta</span> <span class='ocrx_word' id='word_1_164' title='bbox 367 2086 488 2146; x_wconf 83' lang='lat' dir='ltr'>faceret</span> 
     </span>
    </p>

    <p class='ocr_par' dir='ltr' id='par_1_5' title="bbox 136 2165 1039 2327">
     <span class='ocr_line' id='line_1_24' title="bbox 176 2165 1038 2247; baseline 0 -18"><span class='ocrx_word' id='word_1_165' title='bbox 176 2169 406 2247; x_wconf 88' lang='lat' dir='ltr'>Peropportune</span> <span class='ocrx_word' id='word_1_166' title='bbox 420 2165 460 2225; x_wconf 90' lang='lat' dir='ltr'>ad</span> <span class='ocrx_word' id='word_1_167' title='bbox 475 2165 640 2245; x_wconf 90' lang='lat' dir='ltr'>praesentis</span> <span class='ocrx_word' id='word_1_168' title='bbox 655 2167 785 2244; x_wconf 89' lang='lat' dir='ltr'>quietern</span> <span class='ocrx_word' id='word_1_169' title='bbox 808 2177 904 2229; x_wconf 87' lang='lat' dir='ltr'>status</span> <span class='ocrx_word' id='word_1_170' title='bbox 923 2167 1038 2229; x_wconf 91' lang='lat' dir='ltr'>bellum</span> 
     </span>
     <span class='ocr_line' id='line_1_25' title="bbox 136 2246 1039 2327; baseline 0 -17"><span class='ocrx_word' id='word_1_171' title='bbox 136 2270 208 2310; x_wconf 90' lang='lat' dir='ltr'>cum</span> <span class='ocrx_word' id='word_1_172' title='bbox 224 2246 404 2309; x_wconf 89' lang='lat' dir='ltr'>Veientibus</span> <span class='ocrx_word' id='word_1_173' title='bbox 426 2247 503 2324; x_wconf 87' lang='lat' dir='ltr'>(jam</span> <span class='ocrx_word' id='word_1_174' title='bbox 525 2246 603 2306; x_wconf 90' lang='lat' dir='ltr'>enim</span> <span class='ocrx_word' id='word_1_175' title='bbox 626 2247 763 2307; x_wconf 85' lang='lat' dir='ltr'>indutiae</span> <span class='ocrx_word' id='word_1_176' title='bbox 784 2251 937 2327; x_wconf 85' lang='lat' dir='ltr'>exierant)</span> <span class='ocrx_word' id='word_1_177' title='bbox 959 2250 1039 2310; x_wconf 89' lang='lat' dir='ltr'>aliis·</span> 
     </span>
    </p>
   </div>
   <div class='ocr_carea' id='block_1_3' title="bbox 136 2324 1207 2410">
    <p class='ocr_par' dir='ltr' id='par_1_6' title="bbox 136 2324 1207 2410">
     <span class='ocr_line' id='line_1_26' title="bbox 136 2324 1207 2410; baseline 0.002 -21"><span class='ocrx_word' id='word_1_178' title='bbox 136 2351 197 2410; x_wconf 93' lang='lat' dir='ltr'>que</span> <span class='ocrx_word' id='word_1_179' title='bbox 216 2329 354 2389; x_wconf 85' lang='lat' dir='ltr'>Etruscis</span> <span class='ocrx_word' id='word_1_180' title='bbox 374 2337 539 2404; x_wconf 88' lang='lat' dir='ltr'>sumptum.</span> <span class='ocrx_word' id='word_1_181' title='bbox 582 2324 620 2385; x_wconf 81' lang='lat' dir='ltr'>in</span> <span class='ocrx_word' id='word_1_182' title='bbox 635 2348 669 2386; x_wconf 92' lang='lat' dir='ltr'>eo</span> <span class='ocrx_word' id='word_1_183' title='bbox 686 2328 765 2388; x_wconf 91' lang='lat' dir='ltr'>bello</span> <span class='ocrx_word' id='word_1_184' title='bbox 780 2338 811 2389; x_wconf 89' lang='lat' dir='ltr'>et</span> <span class='ocrx_word' id='word_1_185' title='bbox 825 2331 922 2390; x_wconf 92' lang='lat' dir='ltr'>virtus</span> <span class='ocrx_word' id='word_1_186' title='bbox 936 2341 967 2390; x_wconf 89' lang='lat' dir='ltr'>et</span> <span class='ocrx_word' id='word_1_187' title='bbox 981 2331 1039 2390; x_wconf 88' lang='lat' dir='ltr'>for·</span> <span class='ocrx_word' id='word_1_188' title='bbox 1053 2329 1092 2391; x_wconf 83' lang='lat'>25</span> <span class='ocrx_word' id='word_1_189' title='bbox 1201 2347 1207 2354; x_wconf 86' lang='lat'><em>&#39;</em></span> 
     </span>
    </p>
   </div>
   <div class='ocr_carea' id='block_1_4' title="bbox 126 2406 1096 3434">
    <p class='ocr_par' dir='ltr' id='par_1_7' title="bbox 126 2406 1096 3434">
     <span class='ocr_line' id='line_1_27' title="bbox 136 2406 1039 2485; baseline 0.001 -15"><span class='ocrx_word' id='word_1_190' title='bbox 136 2421 214 2470; x_wconf 89' lang='lat' dir='ltr'>tuna</span> <span class='ocrx_word' id='word_1_191' title='bbox 228 2408 339 2468; x_wconf 88' lang='lat' dir='ltr'>enituit</span> <span class='ocrx_word' id='word_1_192' title='bbox 353 2407 454 2478; x_wconf 91' lang='lat' dir='ltr'>Tulli;</span> <span class='ocrx_word' id='word_1_193' title='bbox 474 2406 601 2484; x_wconf 88' lang='lat' dir='ltr'>fusoque</span> <span class='ocrx_word' id='word_1_194' title='bbox 615 2407 731 2485; x_wconf 83' lang='lat' dir='ltr'>ingenti</span> <span class='ocrx_word' id='word_1_195' title='bbox 747 2409 877 2469; x_wconf 91' lang='lat' dir='ltr'>hostium</span> <span class='ocrx_word' id='word_1_196' title='bbox 893 2411 1039 2484; x_wconf 84' lang='lat' dir='ltr'>exercitu,</span> 
     </span>
     <span class='ocr_line' id='line_1_28' title="bbox 135 2488 1040 2570; baseline 0.001 -20"><span class='ocrx_word' id='word_1_197' title='bbox 135 2491 215 2550; x_wconf 89' lang='lat' dir='ltr'>haut</span> <span class='ocrx_word' id='word_1_198' title='bbox 237 2488 346 2549; x_wconf 92' lang='lat' dir='ltr'>dubius</span> <span class='ocrx_word' id='word_1_199' title='bbox 369 2508 432 2560; x_wconf 82' lang='lat' dir='ltr'>rex,</span> <span class='ocrx_word' id='word_1_200' title='bbox 446 2507 498 2546; x_wconf 89' lang='lat' dir='ltr'>seu</span> <span class='ocrx_word' id='word_1_201' title='bbox 513 2497 635 2565; x_wconf 88' lang='lat' dir='ltr'>patrum</span> <span class='ocrx_word' id='word_1_202' title='bbox 651 2509 702 2548; x_wconf 91' lang='lat' dir='ltr'>seu</span> <span class='ocrx_word' id='word_1_203' title='bbox 717 2488 815 2567; x_wconf 90' lang='lat' dir='ltr'>plebis</span> <span class='ocrx_word' id='word_1_204' title='bbox 832 2491 948 2551; x_wconf 89' lang='lat' dir='ltr'>animos</span> <span class='ocrx_word' id='word_1_205' title='bbox 963 2491 1040 2570; x_wconf 91' lang='lat' dir='ltr'>peri-</span> 
     </span>
     <span class='ocr_line' id='line_1_29' title="bbox 137 2567 1040 2650; baseline 0 -19"><span class='ocrx_word' id='word_1_206' title='bbox 137 2570 306 2640; x_wconf 90' lang='lat' dir='ltr'>clitaretur,</span> <span class='ocrx_word' id='word_1_207' title='bbox 332 2568 462 2628; x_wconf 85' lang='lat' dir='ltr'>Romam</span> <span class='ocrx_word' id='word_1_208' title='bbox 487 2567 588 2628; x_wconf 91' lang='lat' dir='ltr'>rediit.</span> <span class='ocrx_word' id='word_1_209' title='bbox 632 2568 882 2650; x_wconf 87' lang='lat' dir='ltr'>Adgrediturque</span> <span class='ocrx_word' id='word_1_210' title='bbox 906 2571 976 2631; x_wconf 90' lang='lat' dir='ltr'>inde</span> <span class='ocrx_word' id='word_1_211' title='bbox 1000 2571 1040 2632; x_wconf 87' lang='lat' dir='ltr'>ad</span> 
     </span>
     <span class='ocr_line' id='line_1_30' title="bbox 136 2647 1041 2730; baseline 0.002 -20"><span class='ocrx_word' id='word_1_212' title='bbox 136 2651 222 2730; x_wconf 87' lang='lat' dir='ltr'>pacis</span> <span class='ocrx_word' id='word_1_213' title='bbox 236 2650 325 2726; x_wconf 87' lang='lat' dir='ltr'>longe</span> <span class='ocrx_word' id='word_1_214' title='bbox 340 2647 508 2707; x_wconf 84' lang='lat' dir='ltr'>maximum</span> <span class='ocrx_word' id='word_1_215' title='bbox 520 2667 605 2727; x_wconf 88' lang='lat' dir='ltr'>opus,</span> <span class='ocrx_word' id='word_1_216' title='bbox 616 2657 659 2722; x_wconf 92' lang='lat' dir='ltr'>ut,</span> <span class='ocrx_word' id='word_1_217' title='bbox 670 2651 924 2728; x_wconf 89' lang='lat' dir='ltr'>quemadmodum</span> <span class='ocrx_word' id='word_1_218' title='bbox 937 2651 1041 2712; x_wconf 89' lang='lat' dir='ltr'>Numa</span> 
     </span>
     <span class='ocr_line' id='line_1_31' title="bbox 136 2727 1094 2806; baseline 0.002 -16"><span class='ocrx_word' id='word_1_219' title='bbox 136 2729 237 2790; x_wconf 91' lang='lat' dir='ltr'>divini</span> <span class='ocrx_word' id='word_1_220' title='bbox 258 2738 365 2789; x_wconf 86' lang='lat' dir='ltr'>auctor</span> <span class='ocrx_word' id='word_1_221' title='bbox 383 2728 460 2806; x_wconf 90' lang='lat' dir='ltr'>juris</span> <span class='ocrx_word' id='word_1_222' title='bbox 483 2727 598 2800; x_wconf 85' lang='lat' dir='ltr'>fuisset,</span> <span class='ocrx_word' id='word_1_223' title='bbox 620 2729 664 2788; x_wconf 89' lang='lat' dir='ltr'>ita</span> <span class='ocrx_word' id='word_1_224' title='bbox 688 2729 828 2791; x_wconf 82' lang='lat' dir='ltr'>Servium</span> <span class='ocrx_word' id='word_1_225' title='bbox 853 2733 1040 2792; x_wconf 88' lang='lat' dir='ltr'>conditorem</span> <span class='ocrx_word' id='word_1_226' title='bbox 1053 2730 1094 2792; x_wconf 86' lang='lat'>30</span> 
     </span>
     <span class='ocr_line' id='line_1_32' title="bbox 136 2807 1040 2891; baseline 0.001 -20"><span class='ocrx_word' id='word_1_227' title='bbox 136 2809 238 2871; x_wconf 90' lang='lat' dir='ltr'>omnis</span> <span class='ocrx_word' id='word_1_228' title='bbox 264 2809 297 2868; x_wconf 88' lang='lat' dir='ltr'>in</span> <span class='ocrx_word' id='word_1_229' title='bbox 325 2807 449 2868; x_wconf 88' lang='lat' dir='ltr'>civitate</span> <span class='ocrx_word' id='word_1_230' title='bbox 477 2808 662 2868; x_wconf 87' lang='lat' dir='ltr'>discriminis</span> <span class='ocrx_word' id='word_1_231' title='bbox 690 2811 900 2890; x_wconf 90' lang='lat' dir='ltr'>ordinumque,</span> <span class='ocrx_word' id='word_1_232' title='bbox 929 2813 1040 2891; x_wconf 92' lang='lat' dir='ltr'>quibus</span> 
     </span>
     <span class='ocr_line' id='line_1_33' title="bbox 136 2888 1041 2969; baseline 0.002 -18"><span class='ocrx_word' id='word_1_233' title='bbox 136 2892 220 2951; x_wconf 90' lang='lat' dir='ltr'>inter</span> <span class='ocrx_word' id='word_1_234' title='bbox 229 2890 341 2968; x_wconf 85' lang='lat' dir='ltr'>gradus</span> <span class='ocrx_word' id='word_1_235' title='bbox 355 2888 515 2967; x_wconf 86' lang='lat' dir='ltr'>dignitatis</span> <span class='ocrx_word' id='word_1_236' title='bbox 530 2889 728 2968; x_wconf 86' lang='lat' dir='ltr'>fortunaeque</span> <span class='ocrx_word' id='word_1_237' title='bbox 742 2891 859 2969; x_wconf 86' lang='lat' dir='ltr'>aliquid</span> <span class='ocrx_word' id='word_1_238' title='bbox 872 2893 1041 2966; x_wconf 89' lang='lat' dir='ltr'>interlucet,</span> 
     </span>
     <span class='ocr_line' id='line_1_34' title="bbox 136 2968 1043 3052; baseline 0.002 -21"><span class='ocrx_word' id='word_1_239' title='bbox 136 2972 249 3052; x_wconf 90' lang='lat' dir='ltr'>posteri</span> <span class='ocrx_word' id='word_1_240' title='bbox 278 2969 361 3029; x_wconf 87' lang='lat' dir='ltr'>fama</span> <span class='ocrx_word' id='word_1_241' title='bbox 388 2969 511 3028; x_wconf 86' lang='lat' dir='ltr'>ferrent.</span> <span class='ocrx_word' id='word_1_242' title='bbox 553 2968 683 3028; x_wconf 85' lang='lat' dir='ltr'>Censum</span> <span class='ocrx_word' id='word_1_243' title='bbox 709 2971 789 3030; x_wconf 90' lang='lat' dir='ltr'>enim</span> <span class='ocrx_word' id='word_1_244' title='bbox 814 2973 955 3045; x_wconf 89' lang='lat' dir='ltr'>instituit,</span> <span class='ocrx_word' id='word_1_245' title='bbox 977 2993 1043 3033; x_wconf 91' lang='lat' dir='ltr'>rem</span> 
     </span>
     <span class='ocr_line' id='line_1_35' title="bbox 135 3047 1040 3130; baseline 0.001 -18"><span class='ocrx_word' id='word_1_246' title='bbox 135 3049 370 3112; x_wconf 85' lang='lat' dir='ltr'>saluberrimam</span> <span class='ocrx_word' id='word_1_247' title='bbox 400 3058 486 3108; x_wconf 89' lang='lat' dir='ltr'>tanto</span> <span class='ocrx_word' id='word_1_248' title='bbox 514 3047 618 3108; x_wconf 81' lang='lat' dir='ltr'>futuro</span> <span class='ocrx_word' id='word_1_249' title='bbox 647 3051 783 3128; x_wconf 84' lang='lat' dir='ltr'>imperia,</span> <span class='ocrx_word' id='word_1_250' title='bbox 812 3072 851 3111; x_wconf 82' lang='lat' dir='ltr'>ex</span> <span class='ocrx_word' id='word_1_251' title='bbox 879 3074 938 3130; x_wconf 93' lang='lat' dir='ltr'>quo</span> <span class='ocrx_word' id='word_1_252' title='bbox 966 3053 1040 3114; x_wconf 95' lang='lat' dir='ltr'>belli</span> 
     </span>
     <span class='ocr_line' id='line_1_36' title="bbox 126 3128 1096 3212; baseline 0.001 -20"><span class='ocrx_word' id='word_1_253' title='bbox 126 3132 285 3212; x_wconf 66' lang='lat' dir='ltr'>,pacisque</span> <span class='ocrx_word' id='word_1_254' title='bbox 297 3131 401 3188; x_wconf 90' lang='lat' dir='ltr'>munia</span> <span class='ocrx_word' id='word_1_255' title='bbox 414 3148 477 3188; x_wconf 89' lang='lat' dir='ltr'>non</span> <span class='ocrx_word' id='word_1_256' title='bbox 492 3128 618 3200; x_wconf 90' lang='lat' dir='ltr'>viritim,</span> <span class='ocrx_word' id='word_1_257' title='bbox 633 3139 668 3188; x_wconf 90' lang='lat' dir='ltr'>ut</span> <span class='ocrx_word' id='word_1_258' title='bbox 689 3139 769 3202; x_wconf 90' lang='lat' dir='ltr'>ante,</span> <span class='ocrx_word' id='word_1_259' title='bbox 783 3133 834 3191; x_wconf 87' lang='lat' dir='ltr'>sed</span> <span class='ocrx_word' id='word_1_260' title='bbox 857 3153 912 3210; x_wconf 92' lang='lat' dir='ltr'>pro</span> <span class='ocrx_word' id='word_1_261' title='bbox 933 3134 1041 3192; x_wconf 90' lang='lat' dir='ltr'>habitu</span> <span class='ocrx_word' id='word_1_262' title='bbox 1056 3132 1096 3194; x_wconf 78' lang='lat'>35</span> 
     </span>
     <span class='ocr_line' id='line_1_37' title="bbox 136 3207 1041 3292; baseline 0.007 -24"><span class='ocrx_word' id='word_1_263' title='bbox 136 3211 337 3291; x_wconf 84' lang='lat' dir='ltr'>pecuniarum</span> <span class='ocrx_word' id='word_1_264' title='bbox 354 3211 477 3280; x_wconf 83' lang='lat' dir='ltr'>tierent;</span> <span class='ocrx_word' id='word_1_265' title='bbox 492 3217 559 3268; x_wconf 89' lang='lat' dir='ltr'>tum</span> <span class='ocrx_word' id='word_1_266' title='bbox 573 3207 676 3269; x_wconf 87' lang='lat' dir='ltr'>classis</span> <span class='ocrx_word' id='word_1_267' title='bbox 691 3213 906 3292; x_wconf 83' lang='lat' dir='ltr'>centuriasque</span> <span class='ocrx_word' id='word_1_268' title='bbox 916 3222 945 3273; x_wconf 87' lang='lat' dir='ltr'>et</span> <span class='ocrx_word' id='word_1_269' title='bbox 960 3214 1041 3274; x_wconf 90' lang='lat' dir='ltr'>hunc</span> 
     </span>
     <span class='ocr_line' id='line_1_38' title="bbox 136 3288 1042 3434; baseline 0.002 -84"><span class='ocrx_word' id='word_1_270' title='bbox 136 3291 277 3434; x_wconf 60' lang='lat' dir='ltr'>preqllinem</span> <span class='ocrx_word' id='word_1_271' title='bbox 298 3311 337 3350; x_wconf 84' lang='lat' dir='ltr'>ex</span> <span class='ocrx_word' id='word_1_272' title='bbox 359 3309 449 3349; x_wconf 85' lang='lat' dir='ltr'>censu</span> <span class='ocrx_word' id='word_1_273' title='bbox 471 3288 639 3368; x_wconf 90' lang='lat' dir='ltr'>descripsit,</span> <span class='ocrx_word' id='word_1_274' title='bbox 660 3289 710 3350; x_wconf 91' lang='lat' dir='ltr'>vel</span> <span class='ocrx_word' id='word_1_275' title='bbox 734 3292 803 3368; x_wconf 90' lang='lat' dir='ltr'>paci</span> <span class='ocrx_word' id='word_1_276' title='bbox 826 3293 969 3353; x_wconf 89' lang='lat' dir='ltr'>decorum</span> <span class='ocrx_word' id='word_1_277' title='bbox 991 3292 1042 3352; x_wconf 92' lang='lat' dir='ltr'>vel</span> 
     </span>
     <span class='ocr_line' id='line_1_39' title="bbox 203 3391 576 3431; baseline 0.003 -27"><span class='ocrx_word' id='word_1_278' title='bbox 203 3391 235 3431; x_wconf 37' lang='lat'>0⁸,</span> <span class='ocrx_word' id='word_1_279' title='bbox 574 3399 576 3405; x_wconf 93' lang='lat'><em>.</em></span> 
     </span>
    </p>
   </div>
   <div class='ocr_carea' id='block_1_5' title="bbox 176 3447 1041 3528">
    <p class='ocr_par' dir='ltr' id='par_1_8' title="bbox 176 3447 1041 3528">
     <span class='ocr_line' id='line_1_40' title="bbox 176 3447 1041 3528; baseline -0.008 -16"><span class='ocrx_word' id='word_1_280' title='bbox 176 3449 305 3512; x_wconf 84' lang='lat' dir='ltr'>XLIII.</span> <span class='ocrx_word' id='word_1_281' title='bbox 348 3449 399 3510; x_wconf 86' lang='lat' dir='ltr'>Ex</span> <span class='ocrx_word' id='word_1_282' title='bbox 415 3449 461 3522; x_wconf 88' lang='lat' dir='ltr'>iis,</span> <span class='ocrx_word' id='word_1_283' title='bbox 475 3447 529 3528; x_wconf 90' lang='lat' dir='ltr'>qui</span> <span class='ocrx_word' id='word_1_284' title='bbox 543 3456 663 3510; x_wconf 89' lang='lat' dir='ltr'>centurn</span> <span class='ocrx_word' id='word_1_285' title='bbox 679 3448 797 3506; x_wconf 91' lang='lat' dir='ltr'>milium</span> <span class='ocrx_word' id='word_1_286' title='bbox 819 3449 896 3508; x_wconf 89' lang='lat' dir='ltr'>aeris</span> <span class='ocrx_word' id='word_1_287' title='bbox 913 3456 967 3508; x_wconf 90' lang='lat' dir='ltr'>aut</span> <span class='ocrx_word' id='word_1_288' title='bbox 980 3467 1041 3506; x_wconf 89' lang='lat' dir='ltr'>ma·</span> 
     </span>
    </p>
   </div>
   <div class='ocr_carea' id='block_1_6' title="bbox 0 0 1269 3784">
    <p class='ocr_par' dir='ltr' id='par_1_9' title="bbox 0 0 1269 3784">
     <span class='ocr_line' id='line_1_41' title="bbox 0 0 1269 3784; baseline 0 0"><span class='ocrx_word' id='word_1_289' title='bbox 0 0 1269 3784; x_wconf 95' lang='lat' dir='ltr'> </span> 
     </span>
    </p>
   </div>
  </div>
 </body>
</html>
