2520 3784
432 233 566 281 urana
592 236 616 301 1,
647 222 776 287 16-17.
1061 233 1105 298 33

142 388 262 468 regiam
274 389 364 463 vidit,
372 391 429 451 etsi
441 391 514 452 satis
530 393 672 454 credebat
683 395 831 474 patribus,
843 401 896 478 qui
908 407 1052 480 proxumi

142 479 302 542 steterant,
327 470 487 532 sublimem
516 483 638 552 raptum
667 476 813 555 procella,
839 489 941 542 tamen
967 487 1053 550 velut

143 548 286 610 orbitatis
309 563 391 611 metu
415 552 476 612 icta
499 563 647 614 maestum
677 555 869 635 aliquamdiu
898 563 1052 630 silentium

143 628 288 690 obtinuit.
331 631 460 705 Deinde,
483 653 502 692 a
523 634 629 712 paucis
655 635 743 696 initio
771 639 862 713 facto,
884 644 974 707 deum
995 650 1052 711 deo

142 718 261 783 natum,
284 730 386 792 regem
408 721 624 792 parentemque
648 716 730 776 urbis
756 718 913 786 Romanae
935 731 1053 792 salvere
1086 733 1107 794 ὅ

143 789 279 850 universi
290 789 458 851 Romulum
464 793 588 872 jubent;
604 816 710 874 pacem
723 803 864 880 precibus
875 822 1052 889 exposcunt,

143 871 190 929 uti
206 869 311 938 voleus
326 873 477 950 propitius
491 894 578 934 suam
594 896 712 958 semper
728 885 854 964 sospitet
868 892 1051 970 progeniem.

143 949 252 1012 Fuisse
277 952 367 1012 credo
392 960 457 1012 tum
485 975 604 1034 quoque
635 960 762 1041 aliquos,
787 968 839 1046 qui
867 971 1052 1052 discerptum

142 1051 243 1124 regem
272 1043 397 1112 patrum
425 1035 565 1096 manibus
596 1042 684 1102 taciti
713 1059 892 1125 arguerent:
914 1054 1052 1114 manavit

143 1132 225 1172 enim
239 1113 317 1174 haec
332 1135 459 1198 quoque,
476 1117 527 1176 sed
545 1121 737 1200 perobscura,
753 1127 853 1202 fama;
876 1131 961 1192 illam
979 1134 1051 1195 alte·
1068 1133 1106 1194 10

142 1214 211 1253 rain
225 1195 389 1257 admiratio
404 1198 465 1259 viri
482 1207 512 1258 et
526 1223 623 1281 pavor
638 1226 779 1286 praesens
793 1210 977 1273 nobilitavit.

186 1277 229 1338 Et
243 1277 370 1337 oonsilio
385 1281 478 1341 etiam
490 1284 586 1344 'unius
608 1285 741 1348 hominis
762 1291 868 1351 addita
882 1293 925 1352 rei
939 1293 1052 1354 dicitur

141 1359 225 1420 fides.
267 1359 409 1440 Namque
440 1363 589 1426 Proculus
622 1367 737 1442 Julius,
764 1371 896 1433 sollicita
926 1375 1052 1436 civitate

143 1441 294 1502 desiderio
309 1443 387 1520 regis
404 1454 434 1505 et
449 1444 567 1506 infensa
579 1447 727 1528 patribus,
738 1453 849 1530 gravis,
861 1462 896 1513 ut
909 1455 1050 1528 traditur,

142 1522 285 1600 quamvis
315 1543 444 1604 magnae
475 1527 519 1586 rei
547 1539 664 1603 auctor,
687 1529 720 1588 in
745 1533 913 1593 contionem
940 1534 1105 1612 proditio

143 1603 354 1677 “Romulus'’
381 1606 490 1685 iuquit,
517 1613 534 1639 “
544 1609 689 1685 Quirites,
711 1631 820 1690 pareus
845 1613 928 1674 urbis
951 1615 1050 1694 hujus,

140 1687 245 1766 prima
263 1685 412 1746 hodierna
435 1688 503 1748 luce
525 1690 610 1750 caelo
631 1701 754 1771 repente
774 1692 915 1774 delapsus
929 1715 960 1754 se
974 1696 1050 1756 mihi

141 1767 269 1828 obvium
285 1767 377 1829 dedit.
422 1768 500 1830 (lum
521 1771 660 1849 perfusus
681 1771 805 1832 horrore
818 1773 1050 1836 venerabundus

142 1849 337 1923 adstitissem,
361 1860 464 1929 petens
496 1850 645 1929 precibus,
668 1861 703 1912 ut
731 1862 837 1914 contra
864 1855 976 1915 intueri
1004 1857 1050 1917 fas

142 1939 237 1990 esset:
262 1930 338 2000 ‘abi,
360 1931 486 2004 nuntia,’
511 1932 621 2010 iuquit,
648 1932 821 2006 ‘Romanis
843 1935 984 1996 caelestes
1006 1937 1050 1997 ita
1063 1936 1103 1998 20

142 2011 233 2084 velle,
243 2020 278 2071 ut
292 2032 360 2078 mea
371 2011 470 2072 Roma
488 2021 580 2091 caput
596 2013 676 2074 orbis
690 2022 840 2074 terrarum
851 2015 907 2088 sit;
922 2016 1049 2094 proinde

139 2113 205 2154 rem
228 2092 393 2155 militarem
416 2093 528 2167 colant,
549 2094 707 2172 sciantque
727 2102 758 2153 et
779 2094 823 2154 ita
843 2096 969 2173 posteris
989 2106 1049 2157 tra·

142 2173 227 2246 dant,
243 2173 344 2234 nullas
365 2194 435 2252 opes
460 2174 609 2234 humanas
631 2175 723 2234 armis
746 2173 892 2235 Romanis
913 2177 1049 2238 resistere

57 2281 61 2284 ’
141 2254 246 2332 posse!
288 2254 402 2317 Haeo''
421 2256 520 2335 inquit
536 2254 682 2314 “loeutus
696 2252 834 2316 sublimis
849 2255 955 2316 abiit.''
990 2257 1049 2316 Mi·

140 2355 210 2394 rum
231 2345 381 2414 quantum
403 2337 449 2397 illi
476 2337 542 2396 viro
571 2336 727 2395 nuntianti
756 2334 830 2395 haec
852 2337 923 2397 fidel
946 2336 1047 2411 fuerit,
1063 2336 1101 2398 25

141 2435 294 2495 quamque
306 2417 487 2478 desiderium
503 2415 627 2478 Romuli
642 2416 724 2495 apud
736 2415 855 2494 plebem
867 2418 1047 2478 exercitum·

141 2515 200 2574 que
214 2496 298 2556 facta
312 2497 371 2557 fide
386 2498 615 2560 inmortalitatis
632 2497 760 2556 lenitum
775 2495 822 2557 sit.

180 2575 293 2637 XVII.
336 2578 463 2639 Patrurn
493 2580 615 2639 interim
646 2577 762 2636 animos
786 2586 937 2638 certamen
961 2579 1045 2657 regni

140 2676 176 2716 ac
191 2658 303 2736 cupido
318 2660 477 2732 versabam
499 2659 628 2720 necdum
649 2659 689 2718 ad
713 2657 857 2736 singulos,
873 2659 945 2736 quia
959 2679 1046 2722 nemo

139 2757 325 2816 magnopere
353 2740 506 2801 eminebat
533 2741 566 2799 in
594 2761 673 2801 novo
703 2737 827 2818 populo,
848 2749 1044 2816 pervenerat;
1061 2739 1099 2802 30

139 2817 325 2878 factionibus
353 2819 432 2879 inter
460 2820 579 2880 ordines
609 2819 798 2880 certabatur.
846 2817 978 2882 Oriundi
1006 2818 1045 2880 ab

139 2895 271 2970 Sabinis,
286 2919 333 2970 ne,
348 2900 421 2978 quia
436 2909 503 2979 post
517 2901 586 2961 Tati
600 2911 729 2961 mortem
752 2898 792 2959 ab
810 2919 865 2959 sua
881 2908 968 2978 parte
985 2919 1045 2965 uon

139 2987 204 3038 erat
227 2987 398 3058 regnatum,
414 2980 445 3039 in
467 2981 610 3041 societate
633 3001 731 3060 aequa
755 2980 967 3058 possessionem
991 2979 1044 3040 im-

177 3057 215 3118 rii
231 3059 415 3132 amitterent,
430 3061 477 3120 sui
492 3062 625 3138 corporis
647 3061 743 3121 creari
766 3080 867 3139 regem
882 3059 1044 3132 volebaut;

138 3077 273 3198 iteomani
297 3149 412 3200 veteres
437 3142 632 3220 peregrinum
662 3161 762 3220 regem
793 3141 1043 3220 aspernabantur.
1059 3140 1098 3202 35

139 3216 174 3277 In
187 3219 283 3280 variis
294 3220 506 3281 voluntatibus
521 3221 641 3299 regnari
657 3229 759 3281 tamen
775 3239 877 3280 omnes
889 3220 1043 3292 volebant,

137 3297 290 3360 libertatis
304 3298 466 3360 dulcedine
480 3300 614 3360 nondum
630 3310 765 3378 experta.
810 3299 913 3359 Timor
934 3298 1044 3358 deinde

137 3387 239 3456 patres
259 3379 390 3451 incessit,
405 3399 443 3440 ne
458 3379 616 3440 civitatem
636 3380 701 3440 sine
722 3379 859 3456 imperio,
874 3378 1043 3436 exercitum

94 3479 111 3494 '
136 3457 482 3586 sinedraroe,Lrnultarum
494 3459 576 3520 circa
587 3457 760 3527 civitatium
774 3455 907 3515 inritatis
922 3453 1041 3528 animis,

262 3564 297 3575 -
328 3553 382 3602 my.
