2568 3782
130 194 193 258 152
303 209 392 254 rrrr
420 209 515 254 arur
542 207 596 254 aa
622 207 736 254 vasa
766 206 957 257 connrra

182 386 279 445 neque
293 365 497 424 desideratum
512 384 568 423 nec
583 363 767 436 adhibitum,
782 362 961 426 dictatorern
983 363 1087 426 dicen-

182 447 265 518 dum,
287 447 396 506 civitas
418 443 573 522 confugit;
598 453 628 504 et
651 443 723 522 qnia
746 454 776 504 et
799 443 903 505 consul
926 445 1045 517 aberat,
1066 465 1088 504 a

183 548 243 606 quo
267 546 327 586 uno
352 525 414 585 dici
438 545 524 604 posse
547 523 719 596 videbatur,
743 545 798 584 nec
824 545 878 603 per
902 536 1088 605 occupatam

182 607 275 667 annis
298 605 422 665 Punicis
448 604 573 664 Italiam
598 604 688 664 facile
710 613 775 664 erat
796 614 850 672 aut
870 606 1013 668 nuntium
1031 615 1088 666 aut

143 685 168 749 ‘5
183 689 301 748 litteras
322 686 413 758 mitti,
428 705 483 744 nec
499 685 677 744 dictatorern
693 684 824 762 populus
839 705 942 745 creare
956 694 1086 765 poterat,

183 767 264 848 quod
279 786 443 844 numquam
467 775 537 824 ante
559 785 625 824 eam
645 765 724 824 diem
743 763 859 825 factum
878 775 953 838 erat,
968 766 1087 844 prodic-

182 858 312 910 tatorem
337 846 467 926 populus
490 845 607 906 creavit
632 844 671 920 Q.
697 844 831 904 Fabium
856 844 1030 905 Maximum
1057 854 1087 906 et

183 929 363 1008 magistrum
388 927 523 1006 equiturn
549 925 592 984 M.
618 925 789 987 Minucium
816 925 950 994 Rufum
980 926 1088 1004 hisque

183 1009 339 1088 negotium
354 1006 393 1066 ab
407 1017 513 1067 senatu
529 1007 645 1077 datum,
661 1015 695 1065 ut
710 1026 810 1065 muros
832 1014 989 1084 turresque
1003 1007 1088 1066 urbis

132 1091 170 1152 10
184 1091 348 1161 firmarent,
363 1097 393 1148 et
407 1087 558 1166 praesidia
572 1086 776 1164 disponerent,
792 1085 902 1165 quibus
917 1086 990 1146 locis
1006 1087 1089 1147 vide-

183 1179 276 1242 retur,
293 1177 457 1248 pontesque
471 1166 675 1227 rescinderent
690 1166 868 1226 fluminum:
891 1187 946 1246 pro
961 1165 1037 1226 urbe
1052 1187 1089 1228 ac

183 1249 345 1330 penatibus
372 1248 581 1310 dimicandum
610 1267 680 1320 esse,
706 1248 828 1326 quando
854 1246 980 1310 Italiam
1008 1247 1088 1308 tueri

184 1331 365 1410 nequissent.

225 1411 284 1472 IX.
327 1408 487 1470 Hannibal
509 1418 591 1470 recto
613 1409 721 1470 itinere
738 1429 792 1489 per
810 1408 973 1472 Umbriam
994 1429 1090 1489 usque

132 1493 170 1554 15
185 1493 224 1553 ad
249 1490 419 1570 Spoletium
441 1490 534 1552 venit.
577 1489 663 1562 Inde,
687 1510 757 1549 curn
785 1490 986 1569 perpopulato
1015 1511 1089 1569 agro

184 1572 289 1633 urbem
315 1591 493 1650 oppugnare
517 1570 641 1631 adortus
665 1580 749 1644 esset,
771 1591 840 1631 cum
862 1591 975 1650 magna
996 1571 1090 1631 caede

183 1673 305 1714 suorum
321 1651 468 1730 repulsus,
485 1651 656 1730 conjectans
677 1670 716 1710 ex
737 1651 827 1710 unius
848 1651 985 1711 coloniae
1004 1651 1089 1710 haud

184 1733 277 1793 nimis·
293 1753 435 1812 prospere
454 1740 620 1810 temptatae
634 1730 760 1804 viribus
776 1740 893 1810 quanta
914 1730 1007 1792 moles
1029 1731 1090 1792 Ro·

184 1833 294 1875 manae
317 1811 400 1872 urbis
425 1821 509 1884 essct,
528 1812 560 1870 in
581 1831 690 1890 agrum
712 1811 859 1872 Picenum
884 1813 996 1873 avertit
1020 1812 1088 1885 iter,

132 1895 170 1956 20
185 1915 245 1954 non
261 1894 349 1972 eopia
362 1892 460 1953 solum
474 1893 572 1952 omnis
591 1893 709 1970 generis
729 1893 852 1972 frugum
869 1892 1088 1966 abundantem,

184 1975 234 2036 sed
251 1975 395 2034 refertum
432 1973 532 2045 raeda,
549 1994 639 2052 quarn
656 1975 747 2034 effuse
762 1973 845 2034 avidi
861 1985 954 2053 atque
967 1985 1089 2052 egentes

185 2054 353 2134 rapiebant.
396 1995 447 2114 Ibi
469 2075 522 2132 per
545 2055 608 2114 dies
631 2054 749 2132 aliquot
771 2055 885 2116 stativa
907 2053 1023 2126 habita,
1045 2076 1089 2114 re·

186 2136 341 2215 sectusque
365 2135 451 2194 miles
476 2134 611 2195 hibernis
636 2135 795 2196 itineribus
820 2157 856 2196 ac
882 2135 1011 2215 palustri
1037 2136 1089 2196 via

185 2216 359 2294 proelioque
374 2216 470 2294 magis
485 2216 523 2275 ad
538 2225 679 2276 eventurn
702 2217 833 2276 secundo
848 2237 939 2295 quarn
955 2217 1016 2277 levi
1034 2225 1089 2277 aut

133 2295 271 2356 abacia
290 2296 433 2357 adiectus.
475 2295 540 2358 Ubi
562 2297 635 2357 satis
658 2298 766 2376 quietis
789 2298 895 2358 datum
917 2298 1031 2376 praeda
1052 2318 1087 2358 ac

180 2376 434 2516 populationibus
449 2378 545 2456 magis
560 2398 650 2470 quarn
669 2379 730 2438 otio
745 2387 799 2439 aut
812 2379 915 2458 requie
929 2378 1088 2458 gaudenti·

203 2476 246 2528 us,
267 2455 419 2535 profectus
439 2456 671 2516 Praetutianum
692 2456 943 2538 Hadrianumque
970 2479 1089 2538 agrum,

181 2535 297 2595 Marsos
324 2536 395 2596 iude
423 2535 672 2615 Marrucinosque
704 2545 733 2594 et
762 2537 922 2616 Paelignos
950 2538 1089 2598 devastat

185 2614 326 2693 circaque
340 2615 441 2694 Arpos
462 2623 492 2675 et
512 2615 675 2675 Luceriam
697 2619 868 2692 proximam
889 2615 1024 2694 Apuliae
1044 2636 1087 2675 re·

132 2694 171 2756 30
185 2695 314 2773 gionem.
357 2694 412 2756 Cn.
435 2694 582 2755 Servilius
605 2695 719 2767 consul,
733 2695 851 2756 levibus
873 2695 995 2774 proeliis
1017 2716 1087 2755 cum

95 2771 100 2784 ’
186 2774 286 2836 Gallis
306 2775 394 2836 factis
408 2784 439 2836 et
453 2796 515 2836 uno
529 2775 648 2854 oppido!
659 2775 786 2853 ignobili
808 2785 993 2854 expugnato,
1009 2785 1087 2854 post·

186 2876 278 2936 quam
303 2855 341 2916 de
363 2855 497 2934 collegae
521 2856 732 2935 exercitusque
757 2856 848 2916 caede
872 2857 1001 2928 audivit,
1021 2857 1086 2935 jam

185 2935 342 2997 moenibus
364 2937 482 3014 patriae
504 2946 650 3008 metuens
665 2957 703 2995 ne
724 2935 839 2996 abesset
859 2937 893 2998 in
913 2936 1088 2999 discrimine

185 3027 331 3087 extremo,
346 3016 385 3076 ad
401 3016 506 3075 urbem
520 3017 579 3075 iter
593 3015 733 3076 intendit.
853 3077 855 3082 ,

132 3097 172 3162 35
201 3097 265 3172 Ὠ.
297 3095 412 3156 Fabius
447 3095 603 3156 Maximus
636 3096 768 3156 dictator
799 3095 919 3168 iterum,
948 3118 1009 3176 quo
1039 3097 1090 3158 die

185 3177 397 3254 magistratum
417 3175 494 3246 iniit,
510 3184 617 3235 vocato
638 3186 754 3246 senatu,
769 3175 808 3236 ab
826 3176 884 3236 diis
903 3197 996 3250 orsus,
1018 3199 1087 3238 cum

185 3255 354 3315 edocuisset
381 3262 490 3332 patres,
518 3254 586 3332 plus
614 3254 807 3334 neglegentia
835 3258 1088 3318 caerimoniarum

186 3334 450 3412 auspiciorumque
467 3353 558 3410 quam
576 3335 746 3395 temeritate
766 3344 858 3413 atque
880 3337 1002 3397 inscitia
1022 3358 1087 3416 pec-

187 3422 290 3487 catum
310 3433 330 3472 a
349 3412 384 3473 (l-
405 3411 560 3488 Flaminio
580 3413 703 3484 consule
723 3435 795 3488 esse,
810 3431 947 3496 quaeque
965 3417 1090 3497 piacula
