2562 3788
165 208 227 272 192
335 223 425 270 rrrr
453 223 547 270 arvi
574 222 629 268 aa
656 223 774 270 vasa
805 223 999 269 conorari

215 383 288 442 est.’'
331 381 382 442 Ad
397 402 433 440 ea
447 379 570 440 consul:
587 385 647 440 “tu
663 380 795 459 quidem,
807 379 863 440 (ln.
875 379 1011 455 Corneli,
1027 387 1132 440 macte

217 463 331 522 virtute
356 464 435 522 estol
457 461 509 521 sed
535 481 611 521 cave
635 461 749 520 frustra
777 461 949 520 miserando
977 461 1130 539 exiguum

216 549 368 620 tempusa
383 541 523 601 manibus
543 541 676 600 hostium
689 540 842 601 evadendi
856 539 1009 600 absumas.
1053 539 1130 614 Abi,

217 623 327 681 nuntia
341 620 465 700 publice
486 621 634 700 patribus,
650 620 756 680 urbem
779 620 952 681 Romanam
973 619 1131 692 muniant,

184 703 264 773 bac,
288 702 465 780 priusquam
492 701 586 760 hostis
611 700 710 760 victor
732 700 868 772 advenit,
893 700 1056 792 praesidiis
1080 698 1131 758 fir-

215 792 314 853 ment;
349 782 493 860 privatim
522 781 560 856 Q.
589 780 695 852 Fabio,
724 780 760 840 L.
788 777 960 841 Aemihum
987 800 1131 859 praecep

215 871 315 921 torum
336 864 398 941 ejus
419 882 582 922 memorem
603 871 633 920 et
654 860 765 921 vixisse
785 861 887 920 adhuc
902 869 932 920 et
945 860 1032 918 mori.
1077 859 1131 920 Me

220 939 251 998 in
274 940 332 998 hac
352 950 453 1016 strage
479 938 613 996 militum
638 958 774 996 meorum
794 947 899 1016 patere
920 939 1073 1017 expirare,
1091 950 1131 996 ne

220 1029 274 1079 aut
295 1039 362 1078 reus
384 1019 494 1078 iterum
508 1039 525 1077 e
539 1017 702 1077 consulatu
723 1018 781 1076 sim
804 1027 859 1076 aut
879 1028 1040 1078 accusator
1061 1037 1132 1077 con·

169 1101 208 1160 10
221 1097 307 1178 legae
321 1099 460 1170 existam,
475 1107 510 1157 ut
531 1097 632 1157 alieno
653 1097 781 1156 crimine
801 1098 1008 1158 innocentiam
1030 1117 1132 1157 meam

167 1175 169 1182 '
220 1177 406 1259 protegam.''
451 1177 731 1256 Haeeeosagentis
746 1177 1132 1256 priuaturbafugientium

222 1260 345 1332 civium,
371 1258 480 1318 deinde
509 1257 607 1318 hostes
635 1278 827 1336 oppressere3
856 1258 1021 1331 consulem,
1047 1258 1133 1336 igno·

218 1349 323 1412 rantes
350 1338 418 1418 quis
445 1347 530 1410 esset,
557 1338 725 1398 obruerunt
749 1338 827 1410 telis,
853 1337 1024 1397 Lentulum
1049 1339 1133 1397 inter

222 1420 390 1482 tumultum
411 1419 548 1498 abripuit
567 1439 671 1497 equus.

170 1503 209 1564 15
263 1500 341 1560 Tum
357 1499 493 1578 undique
506 1498 599 1558 effuse
612 1499 744 1577 fugiunt.
786 1499 908 1578 Septem
928 1499 1016 1559 milia
1036 1499 1134 1560 homi-

223 1601 297 1642 num
318 1581 351 1639 in
369 1580 490 1639 'minora
511 1589 620 1652 castra,
635 1579 740 1638 decem
760 1579 792 1638 in
815 1581 941 1658 majora,
956 1579 1017 1640 duo
1036 1579 1134 1641 ferme

224 1661 255 1722 in
270 1661 373 1722 vicum
388 1660 487 1738 ipsum
502 1659 623 1720 Cannas
638 1660 846 1739 perfugerunt,
861 1660 915 1739 qni
936 1659 1093 1738 extemplo
1113 1679 1134 1718 a

224 1739 410 1802 Carthalone
425 1750 516 1818 atque
529 1740 693 1820 equitibus.
705 1739 791 1800 nullo
806 1741 995 1800 munimento
1011 1749 1134 1818 tegente

223 1819 337 1893 ¹vicum,
353 1820 553 1880 circumventi
567 1831 647 1880 sunt.
689 1819 803 1880 Consul
818 1820 906 1893 alter,
921 1841 974 1880 seu
983 1821 1065 1880 forte
1079 1838 1132 1878 seu

172 1903 212 1964 20
226 1901 361 1972 consilio,
377 1900 454 1959 nulli
471 1899 655 1978 fugientium
670 1901 799 1960 insertus
820 1901 946 1979 agmini,
961 1921 1030 1960 cum
1046 1900 1135 1979 quin·

226 1981 374 2062 quaginta
388 1980 450 2040 fere
461 1980 614 2059 equitibus
625 1979 792 2041 Venusiam
805 1980 949 2059 perfugit.
991 1979 1135 2056 Quadra·

225 2063 312 2140 ginta
326 2061 460 2139 quinque
474 2059 560 2120 milia
574 2059 734 2138 quingenti
748 2061 873 2139 pedites,
887 2061 948 2120 duo
962 2060 1050 2119 milia
1069 2080 1137 2138 sep-

224 2140 351 2216 tingenti
373 2140 496 2218 equites
511 2149 541 2199 et
562 2149 648 2200 tanta
669 2161 763 2220 prope
785 2139 899 2200 civium
920 2145 1031 2217 quanto
1043 2137 1139 2198 socio-

225 2240 291 2278 rum
320 2240 398 2298 parS,
427 2221 504 2279 caesi
533 2221 692 2291 dicuntur;
729 2223 758 2278 in
788 2220 834 2278 his
862 2219 951 2278 ambo
975 2218 1136 2278 consulum

176 2301 215 2361 25
230 2308 410 2377 quaestores,
432 2297 468 2358 L.
490 2297 606 2358 Atilius
633 2307 664 2357 et
692 2297 727 2356 L.
757 2295 871 2357 Furius
901 2295 1080 2368 Bibaculus,
1106 2305 1138 2356 et

231 2378 441 2458 undetriginta
474 2379 592 2439 tribuni
627 2378 769 2446 militum,
799 2377 972 2438 consulares
1009 2376 1137 2455 quidam

253 2461 434 2538 raetoriique
462 2468 492 2518 et
519 2459 654 2518 aedilicii
684 2458 778 2531 (iuter
806 2478 855 2516 cos
885 2457 941 2518 Cn.
970 2456 1138 2517 Servilium

257 2540 388 2599 eminum
413 2549 443 2598 et
464 2539 507 2598 M.
529 2537 699 2600 Minucium
720 2545 891 2607 numerant,
913 2536 965 2614 qui
988 2535 1136 2612 magister

226 2620 360 2698 equitum
395 2619 494 2698 priore
528 2638 617 2690 anno,
651 2618 768 2696 aliquot
808 2615 896 2674 annis
930 2624 1001 2674 ante
1035 2613 1138 2673 consul

176 2697 216 2757 30
230 2697 356 2772 fuerat),
370 2696 526 2772 octoginta
540 2704 696 2773 praeterea
709 2701 764 2753 aut
777 2702 938 2752 senatores.
948 2693 1071 2770 autqui
1086 2712 1137 2752 eos

208 2819 214 2832 .
232 2775 427 2854 magistratus
441 2775 600 2851 gessissent
612 2775 690 2833 unde
705 2775 737 2848 in
751 2784 890 2833 senatum
906 2771 966 2850 legi
981 2772 1138 2846 deberent,

231 2877 302 2917 cum
323 2875 378 2914 sua
391 2854 551 2915 voluntate
571 2853 682 2913 milites
702 2854 734 2912 in
755 2853 925 2932 legionibus
940 2853 1014 2912 sacti
1030 2861 1138 2912 essent.

232 2936 332 3016 Capta
346 2956 380 2994 eo
395 2933 510 3013 proelio
524 2934 585 2994 tria
600 2933 685 2993 milia
705 2933 842 3014 peditum
863 2943 893 2993 et
914 2933 1030 3012 equites
1052 2933 1140 2992 rnille

233 3028 263 3078 et
278 3015 437 3095 quingenti
452 3014 606 3074 dicuntur.

180 3101 219 3159 35
274 3097 310 3156 L.
353 3096 440 3154 Haec
462 3105 505 3154 est
526 3114 630 3172 pugna
649 3092 825 3166 Cannensis,
841 3092 962 3152 Aliensi
983 3092 1067 3152 cladi
1089 3113 1141 3152 no·

235 3175 355 3236 bilitate
369 3194 434 3251 par,
449 3185 583 3232 ceterum
599 3183 633 3233 ut
646 3175 717 3245 illia,
732 3193 809 3252 quae
824 3179 891 3252 post
906 3192 1042 3251 pugnarn
1064 3173 1143 3232 acci-

235 3255 316 3323 dere,
337 3252 443 3322 levior,
465 3253 537 3330 quia
558 3253 597 3311 ab
619 3253 702 3312 lroste
724 3264 768 3312 est
789 3263 947 3325 cessatum,
968 3253 1013 3312 sic
1041 3263 1144 3330 strage

235 3332 387 3390 exercitus
422 3331 545 3407 gravior
578 3333 760 3410 foediorque.
812 3331 901 3409 Fuga
934 3352 1069 3410 namque
1104 3332 1144 3391 ad

236 3411 342 3468 Aliam
365 3411 444 3467 siout
460 3415 565 3467 ur'oem
581 3409 725 3487 prodidit,
741 3411 785 3469 ita
799 3411 969 3470 exercitum
989 3414 1145 3485 servavit;
