2562 3788
173 191 243 256 Ι224
358 207 447 252 nm
474 204 570 252 n1v1
596 204 651 249 aa
674 203 788 250 vana
814 203 1007 250 counrnn

231 367 271 426 ad
281 387 312 426 se
322 365 450 444 quisque
460 383 530 440 opes
544 361 677 441 rapiunt,
689 361 830 422 laceratis
841 361 974 436 viribus3
988 383 1008 422 a
1021 383 1144 424 summo

230 447 364 507 culmine
378 446 519 506 fortunae
532 444 572 504 ad
587 443 731 502 ultimum
744 442 836 503 linem
853 453 976 504 centum
991 445 1145 524 quinqua·

228 528 316 607 ginta
329 547 425 586 annos
437 525 530 586 stetit

228 925 316 990 xnv,
332 907 540 971 40-42.-1,.
559 923 692 970 annun
714 922 828 970 annr
850 923 898 969 nn
921 922 1036 972 nsnvs
1060 927 1142 972 cra-

368 1012 421 1058 ms
444 1012 489 1057 nn
510 1012 744 1059 camuranae
765 1011 835 1058 svn
858 1010 996 1060 counro.

268 1162 336 1224 Suu
350 1181 410 1222 non
426 1161 552 1223 Perseus
566 1170 687 1222 tantum
701 1182 755 1241 per
765 1161 834 1222 illos
845 1161 909 1222 dies
920 1161 1141 1224 documentum

193 1251 212 1309 ὅ
227 1243 431 1304 humanorum
446 1245 548 1303 casum
563 1241 631 1314 fuit,
646 1243 677 1301 in
693 1242 806 1302 catenis
820 1251 891 1302 ante
905 1262 1029 1302 currum
1044 1245 1141 1305 victo

227 1325 268 1384 ris
282 1325 368 1384 ducis
383 1343 437 1402 per
451 1323 556 1383 urbem
571 1323 703 1382 hostiurn
724 1323 843 1396 ductuS,
857 1323 909 1382 sed
931 1323 1023 1382 etiarn
1039 1325 1141 1386 victor

226 1404 352 1478 Paulus,
373 1424 448 1464 auro
476 1423 672 1544 purpuraque
699 1402 828 1482 fulgens.
870 1402 952 1463 Nam
977 1403 1099 1464 duobus
1124 1426 1141 1465 c

227 1486 306 1558 filiis,
318 1504 401 1564 quos,
414 1484 475 1545 duo
499 1504 532 1544 us
547 1483 625 1543 datis
640 1484 670 1541 in
687 1484 890 1562 adoptionem,
901 1483 979 1544 solos
995 1487 1140 1560 nominis,

226 1586 380 1626 sacrorum
393 1564 587 1644 familiaeque
602 1563 726 1623 heredes
741 1564 908 1624 retinuerat
922 1564 1014 1638 domi,
1026 1567 1139 1642 minor,

174 1652 213 1716 10
227 1647 320 1707 ferme
341 1645 531 1723 [duodecim]
554 1665 649 1706 annos
670 1653 768 1717 natus,
783 1644 917 1723 quinque
937 1645 1044 1706 diebus
1066 1659 1140 1708 ante

226 1727 426 1807 triumphum,
451 1727 555 1806 major,
578 1725 820 1804 quattuordecim
848 1746 1007 1799 annorum,
1032 1729 1140 1796 triduo

226 1816 293 1888 post
315 1808 505 1886 triumphum
533 1806 679 1878 decessit3
707 1826 781 1883 quos
810 1816 1014 1884 praetextato·
1042 1829 1139 1870 curru

226 1888 296 1950 vehi
311 1908 381 1948 cum
396 1899 490 1966 patre,
504 1887 561 1948 sibi
583 1887 663 1966 ipsos
683 1885 792 1946 similis
812 1886 1067 1966 praedestinantis
1086 1893 1138 1950 tri-

227 1969 365 2048 umphos,
379 1979 563 2047 oportuerat.
606 1967 717 2028 Paucis
738 1975 805 2047 post
826 1967 941 2041 diebus,
956 1969 1030 2029 data
1050 1991 1071 2030 a
1091 1970 1136 2032 M.

173 2053 212 2114 15
226 2049 362 2110 Antonio
384 2049 506 2126 tribuno
528 2049 624 2128 plebis
645 2049 794 2121 contione,
816 2070 885 2109 cum
907 2050 944 2108 de
964 2050 1025 2110 suis
1047 2051 1138 2112 rebus

227 2133 318 2210 gestis
333 2151 416 2190 more
430 2141 597 2190 ceterorum
612 2131 830 2208 imperatorum
845 2131 1011 2203 dissereret,
1026 2153 1139 2192 memo

227 2212 333 2272 rabilis
348 2213 411 2292 ejus
426 2212 567 2272 oratio'et
581 2211 675 2289 digna
690 2211 829 2271 Romano
844 2212 982 2290 principe
996 2211 1065 2274 fnit.

268 2292 357 2352 XLI.
401 2293 633 2371 “Quamquam
651 2301 681 2352 et
702 2313 763 2372 qua
783 2291 930 2352 felicitate
951 2313 1015 2352 rem
1036 2294 1138 2373 publi·

228 2395 293 2434 cant
315 2374 604 2446 administraverim,
619 2382 649 2434 et
665 2375 772 2452 [quae]
789 2373 849 2433 duc
864 2373 996 2433 fulmina
1011 2374 1138 2435 domum

175 2457 214 2518 20
228 2475 327 2515 meam
356 2475 409 2533 per
436 2456 489 2514 hos
513 2454 577 2514 dies
602 2455 796 2534 perculerint,
822 2475 882 2515 non
910 2455 1052 2533 ignorare
1074 2477 1138 2530 vos,

228 2535 373 2612 Quirites,
398 2536 538 2609 arbitror,
563 2557 633 2596 cum
661 2535 835 2616 spectaculo
860 2535 946 2597 vobis
974 2557 1057 2597 nunc
1085 2537 1138 2598 tri-

174 2686 181 2698 ·
228 2616 360 2695 umphus
386 2637 477 2688 meus,
500 2637 580 2677 nunc
601 2617 710 2678 funera
730 2617 897 2677 liberorum
917 2637 1054 2676 meorum
1075 2619 1138 2678 fue·

229 2697 300 2768 rint,
322 2706 423 2757 tamen
449 2698 562 2776 paucio,
584 2718 704 2776 quaeso,
725 2698 832 2758 sinatis
853 2718 900 2757 me
921 2718 990 2757 cum
1013 2698 1139 2776 publica

229 2776 375 2837 felicitate
396 2797 572 2856 comparare
592 2798 637 2850 ec,
652 2799 711 2856 quc
733 2777 836 2851 debeo,
859 2779 960 2839 animo
983 2781 1138 2856 privatam

176 2858 214 2918 25
230 2877 328 2916 meam
356 2856 518 2918 fortunam.
567 2857 726 2921 Profectus
761 2879 800 2919 ex
836 2857 930 2918 Italia
964 2858 1090 2919 classem
1120 2881 1139 2920 a

220 2937 395 2997 Brundisio
428 2936 490 2997 sole
520 2947 586 2998 orto
620 2937 715 3010 solui;
751 2959 831 2998 nona
862 2939 922 2998 diei
956 2939 1034 2999 bora
1068 2961 1139 3000 curn

229 3017 368 3077 omuibus
382 3018 455 3078 meis
470 3017 600 3078 navibus
615 3017 780 3098 Corcyram
802 3019 895 3079 tenui.
939 3017 1016 3078 Inde
1030 3021 1139 3098 quinto

228 3097 278 3155 die
313 3096 442 3174 Delphis
476 3096 618 3176 Apollini
656 3119 710 3176 pro
747 3119 793 3157 me
828 3099 1073 3178 exercitibusque
1109 3111 1140 3160 et

229 3176 374 3233 classibus
398 3177 503 3235 vestris
527 3177 706 3237 sacrificavi.
748 3176 779 3237 A
801 3178 931 3257 Delphis
955 3179 1064 3256 quinto
1089 3180 1140 3240 die

175 3253 214 3312 30
229 3253 260 3309 in
295 3264 394 3312 castra
422 3256 563 3330 perveni;
596 3255 648 3315 ubi
676 3257 812 3316 exercitu
849 3266 982 3336 accepte,
1011 3261 1140 3320 mutatis

228 3330 417 3405 quibusdam,
430 3351 506 3407 quae
522 3353 633 3411 magna
648 3335 867 3413 impedimenta
879 3338 1025 3398 victoriae
1040 3350 1140 3413 erant,

227 3425 409 3484 progressus,
444 3410 517 3487 quia
554 3412 809 3491 inexpugnabilia
844 3417 974 3494 [castra]
1004 3417 1140 3480 hostium
