2520 3784
186 223 229 287 60
350 238 441 284 rrrr
472 237 568 286 arur
598 237 653 286 Aa
683 239 798 287 vana
828 239 1019 288 conarri

237 394 337 473 gisset,
352 394 480 454 eundem
495 395 580 474 regni
596 395 737 456 heredem
751 396 887 457 facturus
901 396 1083 473 videbatur3
1107 401 1149 462 ob

238 475 313 534 haec
328 475 385 553 ipsi
400 475 464 553 regi
479 475 606 535 insidiae
620 485 776 554 parantur.
818 477 869 536 Ex
884 479 1057 556 pastoribus
1079 481 1146 542 duo

239 555 414 615 ferocissimi
435 555 546 614 delecti
566 555 606 615 ad
628 555 754 627 facinus,
769 556 879 635 quibus
898 559 1033 618 consueti
1054 569 1148 622 erant

239 645 366 713 uterque
390 635 558 713 agrestibus
583 636 782 709 ferramentis,
808 637 840 696 in
863 638 1015 699 vestibulo
1039 642 1148 719 regiae

138 717 139 720 ’
206 716 332 793 dquam
359 724 484 793 potuere
511 716 800 776 tumultuosissimas
827 718 926 796 specie
949 719 1035 779 rixae
1057 722 1091 780 in
1113 743 1146 782 se

239 815 344 856 omnes·
355 795 542 875 apparitores
556 797 653 874 regios
665 807 863 870 convertunt3
879 799 960 872 inde,
969 819 1038 859 cum
1050 801 1145 864 ambo

239 895 341 954 regem
362 875 554 954 appellarent
572 875 747 956 clamorque
770 897 874 938 eorum
898 881 1017 958 penitus
1042 881 1074 939 in
1098 902 1145 942 re·

239 956 321 1035 giam
341 956 533 1034 pervenisset,
549 957 649 1018 vocati
670 957 710 1016 ad
731 977 833 1035 regem
853 969 993 1037 pergunt.
1035 960 1144 1022 Primo

240 1045 365 1114 uterque
382 1036 541 1096 vociferari
555 1046 585 1096 et
600 1038 739 1097 certatim
754 1039 832 1097 alter
846 1038 934 1098 alteri
951 1038 1142 1118 obstrepere;

187 1117 225 1179 10
240 1117 362 1176 coerciti
386 1115 425 1176 ab
452 1117 558 1177 lictore
580 1125 610 1177 et
630 1118 706 1196 jussi
732 1119 865 1180 invicem
889 1119 990 1178 dicere
1015 1121 1143 1180 tandem

239 1195 363 1275 obloqui
388 1197 555 1270 desistunt;
577 1218 655 1257 unus
681 1219 744 1258 rem
766 1219 805 1258 ex
831 1199 986 1277 conposito
1011 1201 1142 1262 orditur.

239 1276 323 1338 Dum
346 1277 480 1338 intentus
503 1277 535 1336 in
558 1298 627 1338 eum
648 1299 680 1338 se
702 1299 756 1338 rex
779 1287 860 1338 totus
881 1289 1040 1352 averteret,
1062 1281 1143 1342 alter

238 1359 350 1418 elatam
364 1359 495 1417 securim
509 1358 541 1417 in
556 1369 649 1437 caput
664 1359 782 1439 dejecit,
792 1359 956 1438 relictoque
969 1360 1003 1418 in
1013 1359 1142 1422 vulnere

238 1439 299 1500 telo
314 1437 404 1498 ambo
417 1457 448 1498 se
462 1439 543 1498 foras
557 1440 678 1499 eiciunt.

186 1520 225 1581 15
279 1517 369 1578 XLI.
411 1517 611 1598 Tarquinium
640 1518 854 1579 moribundum
883 1539 952 1580 cum
978 1520 1030 1599 qui
1059 1521 1143 1582 circa

238 1608 326 1659 erant
342 1599 539 1676 excepissent,
555 1599 624 1659 illos
645 1599 795 1678 fugientes
816 1599 936 1660 lictores
958 1601 1142 1680 conprehen-

238 1680 325 1740 dunt.
367 1679 491 1739 Clamor
505 1679 576 1740 inde
590 1699 811 1758 concursusque
825 1681 930 1760 populi
952 1681 1142 1758 mirantium,

239 1760 313 1839 quid
326 1760 370 1818 rei
383 1769 468 1821 esset.
510 1758 663 1838 Tanaquil
684 1761 763 1819 inter
784 1761 952 1820 tumultum
973 1761 1077 1821 claudi
1098 1783 1142 1822 re·

239 1841 320 1920 giam
331 1839 429 1918 jubet,
444 1839 575 1900 arbitros
590 1841 669 1912 eicit,
679 1840 770 1899 sirnul
782 1861 860 1919 quae
871 1840 1006 1902 curando
1018 1842 1141 1903 vulneri

187 1921 226 1984 20
239 1940 314 1999 opus
335 1931 414 1993 sunt,
430 1930 587 1999 tamquam
608 1941 674 1999 spes
695 1921 836 1994 subesset,
857 1921 962 1981 sedulo
984 1932 1140 2002 conparat,

238 2001 339 2074 simul,
354 2002 378 2060 si
394 2001 539 2061 destituat
553 2021 627 2078 spes,
643 2001 705 2060 alia
719 2001 871 2079 praesidia
885 2001 1018 2063 molitur.

279 2081 384 2142 Servio
399 2101 526 2159 propere
541 2082 637 2140 accito
653 2101 722 2140 cum
737 2101 832 2158 paene
843 2101 1028 2160 exsanguem
1041 2082 1141 2143 virum

239 2162 425 2233 ostendisset,
440 2162 581 2221 dextram
600 2171 703 2220 tenens
724 2169 799 2233 orat,
815 2181 853 2221 ne
867 2161 997 2221 inultam
1013 2173 1141 2224 mortem

239 2242 342 2314 soceri,
352 2262 390 2301 ne
400 2262 519 2302 socrum
531 2241 661 2302 inimicis
671 2241 805 2300 ludibrio
817 2262 878 2301 esse
888 2242 976 2302 sinat.
1012 2247 1028 2272 ‘⁴
1040 2241 1140 2304 Tuum

187 2321 225 2384 25
239 2323 311 2395 est,”
327 2323 436 2400 inquit,
453 2327 472 2352 “
481 2321 575 2396 Servi,
587 2322 612 2381 si
627 2323 675 2382 vir
689 2341 728 2394 ee,
741 2341 877 2400 regnum,
889 2343 949 2381 non
964 2343 1078 2395 eorum,
1088 2324 1140 2402 qui

239 2403 347 2463 alienis
367 2401 509 2462 manibus
530 2402 692 2481 pessimum
714 2401 832 2461 l'acinus
854 2401 958 2462 fecere.
1001 2402 1097 2481 Erige
1111 2414 1141 2464 te

240 2483 370 2562 deosque
393 2484 485 2543 duces
508 2503 640 2561 sequere,
664 2482 716 2560 qui
740 2481 859 2540 clarum
884 2482 941 2542 hoc
963 2481 1027 2542 fore
1048 2491 1141 2563 caput

239 2563 344 2624 divino
356 2563 509 2642 quondam
521 2563 703 2623 circumfuso
718 2562 781 2640 igni
792 2563 1020 2641 portenderunt.
1049 2563 1140 2624 Nunc

239 2652 270 2703 te
294 2643 351 2703 illa
375 2645 512 2704 caelestis
537 2645 649 2704 excitet
675 2643 808 2714 damma,
830 2662 911 2702 nunc
935 2644 1141 2721 expergiscere

186 2724 226 2786 30
239 2744 319 2786 vere.
361 2725 404 2784 Et
432 2745 485 2784 nos
513 2723 665 2803 peregrini
693 2723 903 2801 regnavimus;
925 2723 977 2800 qui
1005 2725 1055 2794 sie,
1080 2745 1140 2784 non

239 2805 322 2865 unde
335 2815 425 2864 natus
444 2805 493 2878 sis,
508 2816 624 2885 reputa.
666 2803 698 2864 Si
713 2813 767 2863 tua
781 2823 813 2862 re
827 2803 929 2862 subita
943 2802 1069 2863 consilia
1082 2814 1140 2864 tor-

240 2895 321 2964 pent,
338 2896 369 2945 at
385 2897 418 2945 tu
433 2905 500 2945 mea
514 2885 641 2945 consilia
659 2883 810 2962 sequere.'’
853 2883 930 2944 Cum
953 2882 1068 2943 clamor
1088 2884 1140 2944 irn-

228 2978 386 3044 -petusque
408 2965 614 3025 multitudinis
634 2965 688 3024 vix
710 2963 852 3023 sustineri
873 2973 980 3042 posset,
995 2984 1034 3022 ex
1056 2985 1139 3042 supe·

241 3047 319 3105 riore
347 3055 433 3124 parte
461 3045 582 3106 aedium
609 3065 662 3123 per
686 3045 831 3103 fenestras
855 3043 887 3102 in
913 3043 1034 3104 Novam
1060 3045 1139 3114 viam

188 3125 226 3186 35
241 3147 342 3188 versas
359 3125 534 3204 (habitabat
555 3125 636 3184 enim
657 3144 712 3183 rex
733 3124 772 3182 ad
788 3122 875 3185 Jovis
889 3123 1032 3196 Statoris)
1049 3145 1139 3203 popu·

241 3206 305 3265 lum
321 3206 471 3284 Tanaquil
493 3204 678 3282 adloquitur.
720 3203 817 3264 «lubet
839 3203 916 3263 bono
938 3205 1039 3263 animo
1061 3224 1137 3266 esse:

241 3287 373 3365 sopitum
388 3287 478 3344 luisse
494 3305 593 3362 regern
607 3285 708 3343 subito
723 3285 784 3342 ictu
796 3305 802 3355 ;
818 3283 931 3342 ferrum
944 3285 1020 3344 haut
1034 3284 1095 3344 alte
1108 3286 1137 3344 in

242 3385 353 3444 corpus
377 3364 580 3434 descendisse;
605 3365 670 3442 jam
695 3364 735 3422 ad
761 3383 791 3422 se
816 3364 943 3434 redisse3
973 3365 1137 3443 inspectum

242 3444 354 3506 vulnus
379 3445 497 3504 abterso
523 3463 647 3515 cruore;
668 3442 770 3502 omnia
784 3443 927 3503 salubria
947 3464 1027 3516 esse;
1052 3445 1137 3506 confi·
