2562 3788
403 215 535 262 mann
560 215 673 282 xx11,
701 201 833 264 58-59.
862 229 867 238 ·
1061 201 1124 269 201

137 370 300 452 'scripti,''
321 370 430 450 inquit,
454 377 569 433 “nemo
593 381 729 432 nostrum
755 373 886 452 ignorat,
901 373 982 434 nulli
1008 395 1072 434 um·

163 473 258 533 quam
280 451 400 513 civitati
414 453 537 513 viliores
557 453 648 513 fuisse
665 455 803 532 captivos
823 473 914 533 quam
931 463 1072 529 nostrae;

164 544 310 604 ceterum,
331 533 390 592 nisi
411 533 498 592 nobis
522 533 591 612 plus
609 534 693 612 justo
718 544 821 593 nostra
869 532 948 594 lacet
972 555 1072 609 causa,

165 621 227 673 uon
248 612 304 672 alii
325 633 470 691 umquam
492 613 592 673 minus
612 613 793 692 neglegendi
809 553 897 674 volis
912 635 1004 694 quam
1019 637 1072 677 nos

165 695 198 752 in
214 693 347 754 hostium
361 703 541 773 potestatem
556 707 714 754 venerunt.
757 693 828 753 Non
851 695 931 755 enim
953 696 986 755 in
1007 697 1072 758 acie
1106 699 1126 759 5

166 793 221 854 per
245 774 386 834 timorem
410 793 496 833 arma
521 774 711 847 tradidimus,
732 774 795 847 sed,
820 795 891 835 cum
914 797 1008 855 prope
1032 777 1073 837 ad

167 862 288 913 noctem
315 863 519 932 superstantes
554 853 684 914 cumulis
720 875 877 915 caesorum
912 877 1073 935 corporum

167 933 318 1012 proelium
343 934 587 1006 extraxissemus,
613 934 645 993 in
675 946 774 994 castra
802 937 971 1014 recepimus
999 957 1071 1010 nos;

168 1013 230 1073 diei
244 1013 394 1092 reliquum
410 1034 447 1074 ac
461 1023 579 1074 noctem
601 1015 819 1093 insequentem,
834 1016 902 1076 fessi
918 1016 1022 1078 labore
1034 1038 1072 1078 ac

168 1093 356 1166 vulneribus,
376 1094 495 1156 vallum
515 1114 618 1154 sumus
640 1096 751 1168 tutati;
780 1106 898 1174 postero
923 1096 982 1171 die,
1003 1100 1127 1163 111110

169 1173 358 1254 circumsessi
372 1174 411 1234 ab
426 1177 563 1235 exercitu
577 1175 693 1235 victore
714 1195 794 1254 aqua
816 1196 997 1251 arceremur,
1018 1199 1074 1240 nec

169 1255 235 1316 ulla
250 1256 317 1336 jam
338 1274 392 1333 per
413 1255 563 1315 confertos
583 1255 677 1316 hostis
699 1257 878 1335 erumpendi
900 1278 966 1338 spes
987 1267 1073 1332 esset,

169 1355 225 1396 nec
246 1356 309 1396 esse
328 1335 412 1395 nefas
433 1336 619 1408 duceremus,
634 1337 858 1414 quinquaginta
879 1338 1003 1398 milibus
1022 1339 1074 1399 ho

168 1416 287 1475 minum
303 1435 341 1475 ex
355 1416 419 1475 acie
432 1425 535 1476 nostra
549 1416 718 1489 trucidatis
728 1417 860 1496 aliquem
872 1438 910 1477 ex
922 1419 1073 1479 Cannensi

169 1516 274 1575 pugna
291 1495 464 1556 Romanum
483 1497 611 1557 militem
630 1506 752 1578 restare,
768 1509 840 1558 tunc
855 1498 977 1570 demum
991 1499 1073 1578 pacti
1088 1503 1127 1564 15

170 1596 274 1637 sumus
288 1577 419 1656 pretium
438 1597 497 1656 quo
515 1577 664 1656 redempti
683 1577 915 1652 dimitteremur,
931 1599 1026 1652 arma,
1040 1581 1073 1639 in

170 1657 281 1737 quibus
298 1656 376 1717 nihil
394 1659 459 1737 jam
474 1657 574 1717 auxili
588 1666 662 1730 erat,
678 1658 757 1718 hosti
775 1659 965 1720 tradidimus.
1007 1660 1073 1721 Ma·
1117 1683 1126 1695 ·

170 1741 253 1820 jores
266 1757 386 1818 quoque
399 1757 609 1817 acceperamus
622 1757 654 1798 se
668 1758 687 1797 a
702 1737 800 1799 Gallis
815 1759 889 1800 auro
904 1740 1072 1814 redemisse,

170 1829 201 1879 et
227 1832 330 1898 patres
357 1827 480 1892 vestros,
509 1818 689 1897 asperrimos
718 1819 786 1878 illos
815 1820 855 1879 ud
884 1821 1074 1881 condiciones
1137 1877 1139 1880 .

170 1903 264 2003 pacis,
276 1899 390 1977 legatos
402 1908 505 1960 tamen
516 1900 707 1977 captivorum
719 1899 961 1960 redimendorum
974 1901 1074 1979 gratia
1088 1905 1127 1968 20

174 1979 337 2039 furentum
358 1981 482 2056 misisse.
523 1979 621 2058 Atqui
643 1987 674 2038 et
695 1980 734 2038 ad
752 1979 860 2039 Aliam
880 1999 949 2040 cum
971 1981 1072 2042 Gallis

170 2069 201 2120 et
215 2060 255 2119 ad
270 2059 454 2120 Heracleam
469 2080 538 2120 cum
553 2059 673 2138 Pyrrho
688 2067 817 2138 utraque
831 2080 892 2120 non
908 2068 970 2121 tam
985 2062 1073 2122 clade

170 2140 295 2199 infamis
314 2161 404 2219 quam
419 2161 533 2220 pavore
545 2148 576 2199 et
590 2139 664 2217 fuga
678 2159 783 2218 pugna
797 2140 865 2200 1111.
907 2141 1073 2202 Cannensis

170 2239 294 2299 campos
321 2221 423 2281 acervi
451 2221 661 2282 Romanorum
689 2239 849 2298 corporum
877 2231 993 2301 tegunt,
1018 2243 1074 2283 nee

170 2320 365 2380 supersumus
379 2321 499 2380 pugnae
516 2299 575 2360 nisi
588 2301 622 2359 in
636 2299 747 2378 quibus
769 2301 957 2362 trucidandis
972 2312 1002 2362 et
1016 2303 1072 2363 fer·
1087 2307 1125 2369 25

170 2401 240 2440 rum
269 2391 299 2441 et
325 2382 405 2442 vires
431 2382 547 2442 hostem
576 2381 761 2442 defecerunt.
811 2380 889 2441 Sunt
916 2383 1008 2442 etiam
1036 2383 1074 2444 de

170 2461 283 2521 nostris
303 2462 437 2541 quidam,
458 2461 569 2541 quine
590 2463 622 2522 iu
643 2461 710 2521 acie
730 2460 853 2541 quidem
875 2462 1007 2536 fuerunt,
1021 2464 1073 2524 sed

170 2541 323 2622 praesidio
345 2543 450 2603 castris
471 2541 580 2616 relicti,
602 2562 671 2602 eum
695 2552 795 2602 castra
816 2543 1018 2617 traderentur,
1041 2545 1074 2604 in

170 2632 351 2702 potestatem
365 2623 498 2682 hostium
512 2631 670 2685 venerunt.
713 2621 809 2683 Haud
824 2624 964 2702 equidem
980 2624 1073 2685 ullius

171 2702 248 2765 civis
262 2712 293 2763 et
307 2703 522 2764 commilitonis
535 2703 675 2764 fortunae
689 2712 743 2774 aut
758 2703 930 2764 condicioni
942 2704 1072 2778 invideo,
1088 2710 1127 2771 30

170 2803 227 2843 nec
242 2784 406 2862 premendo
420 2784 513 2843 alium
531 2804 579 2843 me
592 2783 736 2843 extulisse
751 2783 861 2843 velim:
884 2805 922 2844 ne
943 2784 990 2844 illi
1010 2786 1072 2863 qui-

171 2863 251 2936 dem,
266 2864 324 2923 nisi
339 2864 528 2943 pernicitatis
547 2863 658 2942 pedum
674 2872 704 2922 et
719 2883 823 2923 cursus
845 2864 969 2943 aliquod
990 2885 1073 2943 prae

171 2944 268 3004 mium
283 2955 337 3017 est,
352 2945 405 3023 qui
419 2945 558 3024 plerique
572 2943 699 3004 inermes
714 2963 752 3002 ex
767 2944 831 3003 acie
846 2945 996 3023 fugientes
1011 2965 1073 3004 non

170 3026 257 3104 prius
285 3045 377 3104 quam
403 3025 556 3085 Venusiae
583 3033 638 3084 aut
665 3022 777 3084 Canusi
806 3029 1015 3097 constiterunt,
1043 3045 1074 3085 se

170 3105 259 3166 nobis
280 3107 388 3165 merito
407 3104 607 3184 praetulerint
627 3103 809 3182 gloriatique
829 3105 899 3179 sint,
915 3107 945 3164 in
960 3126 991 3166 se
1004 3105 1073 3184 plus
1088 3109 1127 3170 35

170 3206 263 3264 quarn
285 3186 318 3244 in
339 3185 488 3246 nobismet
508 3184 653 3263 praesidii
673 3184 717 3242 rei
738 3184 881 3262 publicae
902 3207 972 3246 esse.
1014 3185 1073 3246 Sed

170 3276 201 3325 et
221 3267 286 3327 illis
307 3265 394 3326 bonis
415 3286 450 3325 ac
471 3264 601 3325 fortibus
623 3263 772 3324 militibus
795 3267 922 3326 utemini
939 3276 970 3326 et
986 3265 1073 3326 nobis

169 3347 263 3406 etiam
278 3345 517 3426 promptioribus
531 3365 586 3423 pro
600 3345 709 3422 patria,
721 3344 802 3420 quod
819 3343 962 3405 beneficio
974 3354 1073 3406 vestro
1114 3371 1118 3378 ·

169 3427 321 3508 redempti
336 3435 428 3505 atque
441 3425 474 3485 in
487 3425 620 3504 patriam
634 3423 766 3500 restituti
776 3422 932 3485 fuerimus.
973 3425 1074 3487 Dilec
