2520 3784
143 175 187 242 dd
312 191 403 239 r1r1
430 193 527 242 n1v1
554 193 610 240 ΑΒ
639 194 755 241 vanu
784 195 977 244 eornm.

197 347 279 428 apud
305 357 420 428 patrem
447 350 558 411 videat.
600 351 748 412 Celeriter
775 352 999 414 adulescentem
1029 377 1109 418 suae

197 428 376 489 temeritatis
390 429 505 509 implet.
549 430 599 491 Ita
621 432 736 492 Lucius
757 431 940 511 Tarquinius
955 443 986 496 et
997 435 1109 497 Tullia

198 509 307 582 minor,
315 529 410 588 prope
424 511 609 571 continuatis
618 511 776 573 funeribus
792 533 860 572 cum
872 514 976 576 domos
987 537 1108 578 vacuas

197 609 277 650 novo
298 590 493 651 matrimonio
514 591 662 664 fecissent,
673 594 848 672 junguntur
862 597 987 675 nuptiis,
1004 599 1108 676 magis

164 670 183 730 5
197 689 258 729 non
273 670 453 748 prohibente
467 671 573 732 Servio
588 693 679 751 quam
694 671 892 752 adprobante.

238 749 378 810 XLVII.
420 750 498 810 Tum
528 772 599 813 vero
628 753 660 812 in
689 753 752 813 dies
782 754 918 816 infestior
946 756 1032 817 Tulli
1059 778 1106 817 se·

198 838 314 903 nectus,
328 829 467 911 infestius
489 833 588 911 coepit
607 853 734 912 regnum
751 853 821 894 esse.
863 835 934 897 Jam
958 837 1038 896 enim
1062 837 1105 897 ab

197 909 309 972 scelere
330 910 370 970 ad
394 911 479 971 aliud
502 922 638 993 spectare
661 913 770 974 mulier
793 915 905 988 scelus;
935 937 990 977 nec
1013 927 1105 978 nocte

198 1011 255 1051 nec
282 990 416 1052 interdiu
445 993 545 1052 virum
577 995 787 1072 conquiescere
807 996 882 1074 pati,
904 1017 942 1058 uc
966 999 1105 1076 gratuita

145 1073 185 1138 10
199 1071 365 1150 praeterita
391 1073 559 1151 parricidia
586 1083 700 1135 essent:
722 1096 783 1135 non
811 1075 870 1136 sibi
892 1077 1030 1151 defuisse,
1052 1079 1105 1138 cui

198 1161 295 1231 nupta
319 1151 480 1226 diceretur,
506 1173 562 1214 nec
587 1175 656 1215 cum
681 1176 741 1235 quo
765 1157 861 1217 tacita
888 1158 1030 1230 serviret;
1053 1159 1105 1219 de·

198 1231 299 1304 fuisse,
335 1233 366 1292 ui
387 1253 418 1294 se
440 1255 531 1314 regno
550 1234 679 1314 dignum
694 1246 825 1316 putaret,
840 1239 892 1317 qui
907 1240 1102 1312 meminisset,

197 1333 230 1372 se
244 1333 306 1372 esse
347 1313 418 1373 risei
433 1314 579 1394 Tarquini
596 1317 705 1390 filiurn,
720 1318 773 1396 qui
794 1317 906 1378 habere
923 1339 1013 1399 quam
1035 1341 1102 1399 spe-

199 1413 267 1452 rare
281 1413 409 1472 regnum
424 1395 539 1456 mallet.
583 1397 642 1470 ssi
664 1407 697 1457 tu
719 1399 745 1458 is
765 1419 805 1472 es,
821 1399 871 1459 cui
890 1409 1018 1478 nuptam
1038 1421 1103 1461 esse

147 1475 185 1536 15
199 1494 247 1534 me
262 1473 403 1548 arbitror,
419 1484 450 1536 et
465 1476 563 1539 virum
587 1489 617 1539 et
638 1499 738 1557 regem
760 1479 902 1558 appello;
923 1481 970 1539 sin
991 1481 1102 1554 minus,

200 1575 234 1620 eo
249 1575 331 1617 nunc
346 1557 431 1636 pejus
452 1568 572 1618 mutata
586 1580 632 1618 res
646 1569 699 1627 est,
714 1560 795 1637 quod
809 1561 879 1620 istic
894 1580 964 1620 curn
978 1561 1103 1639 ignavia

200 1645 244 1697 est
264 1638 370 1700 scelus.
414 1639 497 1716 Quin
521 1640 709 1718 accingeris?
744 1639 813 1700 Non
829 1640 885 1701 tibi
900 1641 940 1701 ab
955 1641 1102 1702 Corintho

201 1741 257 1784 uec
283 1719 323 1781 ab
351 1719 534 1799 Tarquiniis,
561 1727 595 1778 ut
622 1720 704 1800 patri
733 1730 794 1791 tuo,
823 1721 983 1800 peregrina
1008 1742 1103 1800 regna

201 1799 302 1864 moliri
320 1822 439 1862 necesse
457 1809 518 1872 est;
540 1800 617 1860 dite
637 1809 761 1880 penates
783 1801 935 1880 patriique
956 1811 986 1862 et
1006 1803 1103 1881 patris

147 1883 187 1948 20
200 1883 301 1963 imago
318 1891 353 1943 et
374 1883 481 1944 domus
502 1883 586 1960 regia
608 1891 638 1941 et
659 1882 690 1940 in
712 1881 801 1942 domo
820 1882 922 1961 regale
943 1882 1051 1942 solium
1072 1892 1102 1943 et

199 1985 309 2028 nomen
336 1963 536 2043 Tarquinium
565 1971 648 2023 creat
668 1972 818 2041 vocatque
839 1982 947 2042 regem.
989 1964 1057 2023 Aut
1075 1963 1101 2022 si

199 2045 329 2106 adhaec
351 2065 460 2124 parurn
479 2053 523 2104 est
540 2044 645 2114 animi,
661 2042 734 2121 quid
751 2043 904 2102 frustraris
925 2042 1101 2103 civitatem?

200 2125 274 2204 quid
289 2134 319 2186 te
334 2137 370 2186 ut
383 2125 500 2204 regium
519 2125 664 2204 juvenem
686 2122 819 2202 conspici
840 2123 935 2184 sinis?
975 2122 1101 2183 Facesse

200 2205 273 2266 hinc
293 2205 475 2285 Tarquinios
496 2214 550 2265 aut
571 2203 771 2273 Corinthum;
793 2203 954 2263 devolvere
967 2213 1047 2264 retro
1061 2203 1100 2264 ad

142 2283 184 2352 25
198 2285 333 2365 stirpem,
348 2287 452 2346 fratris
473 2285 602 2354 similior
617 2304 707 2363 quarn
726 2282 851 2361 patris.”
892 2283 953 2343 His
973 2283 1100 2363 aliisque

199 2365 383 2446 increpando
401 2367 545 2447 juvenem
568 2365 781 2444 instigatum
803 2364 1099 2442 conquiescereipsa

197 2455 304 2526 potest,
324 2447 359 2521 si,
381 2467 451 2507 cum
473 2445 634 2524 Tanaquil,
657 2444 817 2524 peregrina
838 2443 956 2514 mulier,
978 2453 1096 2504 tantum

196 2525 298 2588 moliri
318 2527 464 2608 potuisset
484 2527 596 2598 animo,
615 2536 650 2587 ut
672 2527 732 2584 duo
754 2524 899 2584 continua
920 2544 1014 2602 regna
1034 2524 1099 2585 viro

196 2627 232 2670 ac
254 2608 394 2687 deinceps
415 2627 525 2686 genero
547 2607 687 2678 dedisset,
703 2606 777 2683 ipsa,
793 2605 875 2682 regio
895 2606 1010 2662 semine
1024 2614 1097 2675 orta,

144 2681 317 2750 30nullum
346 2697 532 2762 momentum
562 2688 593 2764 in
625 2686 727 2746 dando
760 2683 981 2763 adimendoque
1008 2703 1097 2762 regno

195 2767 316 2828 faceret.

236 2847 295 2906 His
318 2846 518 2907 muliebribus
542 2846 702 2906 instinctus
725 2845 813 2906 furiis
836 2843 1021 2922 Tarquinius
1045 2843 1097 2904 cir-

196 2927 311 3003 qumire
326 2937 356 2987 et
365 2947 512 3006 ,prensare
524 2928 675 2986 minorum
687 2926 821 2986 maxime
832 2926 969 3004 gentium
980 2933 1095 3004 patres;

195 3009 357 3071 admonere
379 3008 498 3086 paterni
521 3007 658 3067 beneficii
680 3027 716 3066 ac
737 3027 792 3084 pro
815 3026 849 3066 eo
871 3005 1002 3085 gratiam
1018 3025 1095 3084 repe·

143 3085 182 3146 35
196 3100 276 3160 tere;
298 3088 431 3148 adlicere
445 3087 532 3152 donis
542 3089 686 3166 juvenes;
708 3107 777 3146 curn
793 3087 830 3146 dc
844 3107 875 3146 se
889 3087 1026 3165 ingentia
1036 3085 1095 3163 pol·

196 3168 326 3241 licendo,
342 3178 406 3228 tum
423 3168 501 3246 regis
517 3167 705 3239 criminibus,
716 3166 856 3228 omnibus
871 3166 945 3226 locis
960 3185 1095 3234 crescere.

197 3247 362 3322 Postremo,
377 3256 413 3307 ut
428 3249 494 3327 jam
515 3247 651 3324 agendae
670 3247 713 3305 rei
733 3256 853 3324 tempus
867 3247 965 3307 visum
981 3255 1034 3318 est,
1047 3245 1096 3306 ati·

197 3337 286 3407 patus
307 3328 429 3406 agmine
453 3337 641 3388 armatorum
665 3326 696 3384 in
719 3325 818 3386 forum
843 3326 970 3403 inrupit.
1002 3324 1097 3397 ,Inda

197 3407 337 3472 omnibus
367 3405 518 3486 perculsis
538 3425 661 3486 pavore,
683 3405 714 3464 iu
730 3405 820 3486 regia
849 3405 1002 3488 sedepro,
1016 3405 1095 3482 curia
