2520 3784
164 205 206 273 18
380 223 454 270 rrrr
476 224 555 273 mvr
577 224 626 272 aa
649 225 746 274 vasu
768 225 925 274 connrrs

215 380 359 453 tradunt;
380 380 444 453 alii,
459 401 528 442 cum
547 381 713 443 instructae
735 383 813 443 acies
837 383 1052 458 constitissent,
1068 385 1131 464 pri-

214 481 342 540 usquam
370 462 457 540 signa
485 472 637 535 canerent,
661 464 836 542 processisse
865 462 1015 524 Latinum
1046 466 1130 526 inter

215 543 362 622 primores
383 541 551 621 ducemque
572 544 761 604 advenarum
789 563 930 603 evocasse
960 544 1000 604 ad
1029 545 1132 606 conlo·

215 622 337 701 quinm;
367 631 598 700 percunctatum
627 623 745 694 deinde,
767 623 820 701 qui
849 623 995 684 mortales
1022 633 1132 698 essent,

182 701 298 763 bunde
318 710 372 762 aut
392 722 452 780 quo
474 722 544 762 casu
566 703 694 782 profecti
716 702 806 763 domo
824 703 938 781 quidve
952 714 1133 783 quaerentes

214 783 246 842 in
275 802 382 860 agrum
411 781 596 843 Laurentem
625 783 766 855 exissent,
798 794 960 863 postquam
988 785 1131 856 audierit,

214 862 442 922 multitudinem
465 861 611 942 Trojanos
633 883 705 936 esse,
728 863 837 924 ducem
859 864 1008 938 Aeneam,
1030 865 1132 924 filium

214 942 372 1004 Anchisae
393 951 423 1002 et
438 942 576 1016 Veneris,
594 953 729 1004 cremata
752 945 854 1024 patria
875 944 965 1006 domo
985 945 1133 1025 profugos

215 1023 315 1084 sedem
330 1022 565 1102 condendaeque
581 1023 666 1084 urbis
682 1023 784 1085 locum
800 1045 954 1103 quaerere,
969 1035 1000 1086 et
1020 1025 1132 1086 nobili·

163 1105 202 1167 10
215 1113 310 1164 tatem
325 1102 510 1164 admiratum
532 1105 630 1182 gentis
648 1105 769 1184 virique
784 1116 814 1165 et
828 1105 966 1165 animum
981 1105 1030 1166 vel
1047 1106 1130 1166 bello

215 1183 264 1246 vel
280 1183 349 1263 paci
364 1193 515 1264 paratum,
527 1185 638 1245 dextra
655 1185 728 1246 data
739 1185 828 1245 fidem
841 1185 963 1246 futurae
976 1187 1133 1246 amicitiae

214 1264 358 1326 sanxisse.
393 1263 470 1324 Inde
486 1265 590 1325 foedus
607 1267 703 1326 ictum
719 1267 800 1326 inter
811 1266 911 1338 duces,
923 1267 1003 1326 inter
1017 1267 1133 1327 exerci-

215 1355 264 1405 tus
291 1344 505 1405 salutationem
538 1346 660 1406 laetam.
703 1346 840 1406 Aeneam
870 1347 952 1425 apud
982 1346 1130 1407 Latinum

215 1425 308 1486 fuisse
330 1426 363 1484 in
386 1426 535 1504 hospitio;
566 1426 610 1486 ibi
635 1426 782 1487 Lat-inum
805 1427 885 1506 apud
914 1437 1038 1506 penates
1059 1427 1131 1488 deos

163 1507 201 1568 15
215 1503 413 1566 domesticum
436 1506 561 1586 publico
585 1508 761 1588 adjunxisse
782 1507 897 1580 foedus,
919 1506 984 1566 filia
1004 1507 1131 1568 Aeneae

214 1587 248 1647 in
271 1586 500 1647 matrimonium
517 1588 598 1648 data.
642 1587 691 1647 Ea
714 1589 818 1668 utique
833 1608 879 1648 res
893 1587 1032 1666 Troianis
1045 1608 1130 1666 spem

215 1666 358 1728 adfirmat
372 1668 496 1728 tandem
512 1668 619 1728 stabili
634 1679 776 1746 certaque
790 1667 860 1728 sede
870 1667 997 1727 finiendi
1011 1668 1129 1728 erroris.

216 1748 374 1828 Oppidum
398 1749 542 1822 condunt,
556 1751 680 1809 'Aeneas
703 1749 742 1809 ab
765 1748 887 1808 nomine
910 1749 1015 1809 uxoris
1038 1748 1130 1809 Lavi·

212 1831 302 1888 'nium
317 1829 462 1910 appellat.
506 1829 598 1891 Brevi
623 1831 714 1908 stirps
737 1848 857 1908 qnoque
871 1829 969 1890 virilis
989 1849 1026 1888 ex
1050 1849 1129 1890 novo

163 1911 202 1972 20
216 1910 411 1970 matrimonio
422 1910 490 1982 fuit,
498 1911 552 1970 cui
561 1910 730 1970 Ascanium
743 1917 883 1988 parentes
895 1909 1000 1970 dixere
1009 1930 1127 1970 nomen.

255 1989 299 2050 II.
342 1990 432 2051 Bello
469 1990 580 2050 deinde
608 1989 792 2070 Aborigines
821 1989 1004 2069 Trojaniquc
1037 1990 1126 2049 simul

214 2070 313 2152 petiti.
355 2071 477 2131 Turnus
503 2091 556 2130 rex
582 2070 780 2143 Rutulorum,
801 2071 850 2129 cui
876 2082 967 2149 pacta
995 2069 1128 2130 Lavinia

214 2161 287 2213 aute
307 2152 473 2212 advemum
489 2151 614 2212 Aeneae
636 2152 746 2221 fuerat,
761 2151 933 2231 praelatum
956 2149 1015 2210 sibi
1037 2151 1125 2212 adue

214 2253 287 2292 nam
309 2251 398 2311 aegre
440 2233 546 2304 atiens,
562 2232 652 2292 simul
671 2232 795 2292 Aeneae
817 2231 990 2309 Latinoque
1012 2230 1124 2290 bellum

162 2313 201 2374 25
216 2313 371 2374 intulerat.
447 2321 534 2372 entra
558 2312 638 2372 acies
653 2313 734 2372 laeta
749 2333 786 2372 ex
802 2332 836 2371 eo
852 2313 1017 2371 certamine
1031 2312 1125 2372 abiit:

215 2395 290 2454 victi
314 2392 434 2468 Rutuli,
451 2393 580 2453 victores
603 2393 788 2471 Aborigines
812 2392 997 2471 Trojanique
1019 2391 1125 2452 dncem

216 2474 363 2534 Latinum
391 2475 527 2535 amisere.
581 2472 659 2536 Inde
688 2473 808 2532 Turnus
837 2472 1009 2550 Rutulique
1037 2473 1125 2532 diffisi

215 2554 305 2615 rebus
329 2555 368 2614 ad
394 2555 535 2616 florentes
558 2575 628 2632 opes
655 2554 853 2613 Etruscorum
881 2552 1124 2632 Mezentiumque

143 2655 145 2658 ·
215 2655 314 2713 regem
341 2655 444 2694 eorum
469 2633 658 2714 confugiunt,
682 2635 733 2713 qni
759 2633 862 2706 Caere,
887 2632 1032 2711 opulento
1060 2642 1122 2692 tum

161 2714 201 2776 30
214 2717 336 2794 oppido,
351 2715 538 2794 imperitam,
554 2719 619 2794 jam
635 2715 707 2774 inde
722 2713 761 2774 ab
777 2715 864 2773 initio
888 2714 1014 2772 minime
1029 2712 1123 2774 laetus

216 2815 312 2856 novae
333 2796 451 2876 origine
473 2795 567 2868 urbis,
582 2805 613 2857 et
637 2805 702 2855 tum
727 2796 823 2853 nimio
846 2793 916 2874 plus
939 2812 1030 2871 quam
1053 2795 1122 2854 satis

216 2885 317 2936 tutum
345 2887 422 2936 esset
449 2875 560 2935 accolis
589 2896 651 2936 rem
677 2874 841 2955 Trojanam
871 2893 1003 2938 crescere
1032 2883 1121 2944 ratus,

216 2957 299 3016 haud
314 2957 467 3036 gravatim
482 2955 564 3016 socia
578 2976 664 3015 arma
679 2954 804 3015 Rutulis
815 2954 931 3034 junxit.

255 3038 386 3109 Aeneas,
406 3037 551 3097 adversus
578 3037 657 3096 tanti
683 3035 756 3095 belli
780 3044 927 3095 terrorem
952 3043 986 3093 nt
1009 3034 1121 3094 animos

60 3113 65 3122 ’
162 3115 200 3175 35
215 3116 422 3196 Aboriginum
450 3116 508 3176 sibi
537 3116 722 3188 conciliaret,
751 3136 806 3175 nec
831 3115 887 3174 sub
916 3115 1020 3174 eodem
1055 3115 1121 3192 jure

214 3196 313 3257 solum
347 3196 529 3257 sedetiam
566 3197 687 3256 nomine
724 3216 826 3256 omnes
862 3205 969 3266 essent,
998 3194 1120 3254 Latinos

215 3289 376 3356 utramque
393 3285 512 3356 gentem
534 3276 721 3354 appellavit;
743 3296 798 3335 nee
814 3275 924 3335 deinde
940 3275 1120 3353 Aborigines

215 3357 353 3436 Trojanis
376 3357 477 3417 studio
500 3376 535 3415 ac
557 3356 616 3415 lide
639 3376 711 3434 erga
733 3376 833 3433 regem
848 3356 986 3415 Aeneam
1003 3375 1119 3415 cessere.

216 3437 386 3517 Fretusque
413 3437 460 3496 his
488 3437 597 3497 animis
624 3436 859 3496 coalescentium
884 3436 916 3494 in
940 3435 1004 3495 dies
1027 3436 1119 3514 magis
