2568 3782
159 233 222 296 110
332 247 422 294 r1r1
448 245 624 296 a1v1ns
647 247 763 296 vaes
791 245 985 295 connrrn

209 405 295 478 foret,
310 425 372 466 non
392 413 458 466 erat
479 405 510 464 in
532 404 635 465 animo
653 424 760 464 manus
778 424 941 466 conserere.
986 403 1117 481 Quartis

209 485 314 546 castris
328 486 367 546 ad
383 484 520 546 Insulam
536 485 683 564 pervenit.
726 484 776 544 Ibi
787 485 873 544 Isara
886 485 1117 564 Rhodanusque

209 587 313 626 amnes
327 566 454 625 diversis
469 585 507 626 ex
523 564 655 644 Alpibus
670 564 872 636 decurrentes,
888 565 955 644 agri
976 566 1116 644 aliquan·
1221 607 1224 613 -
1277 567 1278 608 l

133 709 134 712 ,
208 655 273 707 tum
290 645 425 725 amplexi
440 645 600 706 confluunt
614 645 645 704 in
660 665 774 718 unum;
796 647 905 705 mediis
926 648 1042 724 campis
1064 643 1116 705 In·

176 725 293 787 bsulae
318 747 427 786 nomen
453 725 594 786 inditum.
638 725 781 786 Incolunt
805 745 900 805 prope
920 725 1115 805 Allobroges,

209 827 282 885 gens
298 806 364 886 jam
386 806 457 866 inde
477 806 565 865 nulla
586 805 710 868 Gallica
730 815 820 885 gente
837 805 945 884 opibus
962 817 1018 866 aut
1032 806 1115 868 fama

210 887 341 948 inferior.
385 886 465 946 Tum
489 885 603 946 discors
627 894 701 947 erat.
743 887 844 965 Regni
866 886 1033 946 certamine
1053 907 1115 946 am-

210 966 355 1046 bigebant
383 967 510 1028 fratres·
533 967 639 1046 major,
664 977 694 1026 et
719 967 772 1046 qui
799 967 884 1046 prius
912 967 1114 1045 imperitarat,

210 1047 349 1108 Braneus
363 1015 510 1120 nomines
509 1048 625 1107 minore
639 1047 679 1106 ab
694 1046 788 1107 fratre
802 1055 832 1107 et
847 1056 935 1108 coetu
945 1047 1114 1126 juniorum,

157 1129 263 1207 loqui
279 1129 349 1208 jure
369 1129 479 1200 minus,
494 1128 526 1190 vi
547 1126 616 1206 plus
637 1136 764 1206 poterat,
786 1126 973 1207 pellebaturt
1010 1123 1115 1207 Hujus

208 1208 365 1270 seditionis
386 1216 612 1290 peropportuna
633 1207 812 1288 disceptatio
834 1227 904 1268 cum
928 1207 968 1268 ad
993 1207 1116 1267 Hanni-

209 1289 311 1350 balem
339 1290 450 1368 rejecta
478 1297 561 1361 esset,
583 1287 697 1348 arbiter
724 1288 810 1368 regni
837 1288 947 1362 factus,
967 1289 1050 1368 quod
1079 1298 1122 1350 ea

209 1379 331 1430 senatus
359 1369 593 1448 principumque
627 1369 777 1430 sententia
796 1368 921 1443 fuerat,
949 1369 1115 1448 imperium

209 1450 318 1530 majori
332 1450 473 1510 restituit.
514 1448 563 1510 Ob
578 1449 609 1509 id
623 1450 765 1510 meritum
781 1460 952 1512 commeatu
967 1450 1116 1530 copiaque

158 1529 196 1590 15
210 1551 312 1591 rerum
340 1531 485 1602 omnium,
508 1531 642 1591 maxime
664 1531 765 1604 vestis,
787 1540 832 1592 est
859 1531 1002 1612 adjutus.
1021 1552 1116 1610 quam

210 1611 339 1672 infames
358 1611 523 1690 frigoribus
547 1611 644 1691 Alpes
665 1613 843 1692 praeparari
865 1613 1023 1692 cogebant.
1066 1612 1117 1674 se·

211 1693 290 1754 datis
325 1693 541 1754 certaminibus
575 1692 779 1772 Allobrogum
807 1715 884 1754 cum
915 1695 982 1776 jam
1017 1693 1115 1774 Alpes

211 1784 335 1854 peteret,
363 1795 425 1834 non
450 1784 543 1835 recta
577 1774 699 1854 regione
729 1775 788 1835 iter
815 1775 957 1848 instituit,
985 1775 1038 1836 sed
1073 1774 1115 1836 ad

211 1855 331 1916 laevam
359 1855 390 1914 in
418 1853 603 1916 Tricastinos
631 1854 735 1928 flexit;
763 1856 835 1917 inde
861 1873 917 1936 per
944 1866 1116 1918 extremam

158 1931 198 1994 20
212 1956 296 1995 oram
318 1935 539 1997 Vocontiorum
566 1936 633 2016 agri
661 1937 761 1997 tendit
788 1937 821 1997 in
849 1937 1009 2011 Tricorios
1039 1938 1114 1998 haut

211 2035 338 2096 usquam
360 2017 496 2096 inpedita
517 2017 569 2078 via
590 2017 767 2096 pr'usquam
792 2018 832 2078 ad
855 2018 1039 2078 Druentiam
1061 2018 1116 2078 flu·

211 2117 281 2156 men
302 2097 449 2176 pervenit.
492 2097 522 2157 Is
543 2107 573 2158 et
594 2038 806 2176 iiiib‘Alpinus
827 2099 924 2159 amnis
945 2098 1035 2178 longe
1055 2119 1115 2158 om·

211 2178 298 2237 nium
327 2176 449 2239 Galliae
476 2177 639 2240 fiummum
667 2177 867 2262 difficillimus
895 2174 1028 2267 transitu
1053 2188 1114 2250 est3

211 2278 293 2332 nam,
318 2278 387 2318 cum
412 2279 509 2338 aquae
534 2259 596 2319 vim
621 2259 714 2321 vebat
738 2260 901 2338 ingentem,
926 2279 986 2320 non
1012 2271 1116 2320 tamen

158 2335 198 2398 25
212 2340 337 2399 navium
352 2340 469 2418 patiens
483 2347 535 2412 est,
551 2340 624 2420 quia
637 2340 731 2399 nullis
753 2341 900 2400 coercitus
921 2341 1004 2419 ripis,
1019 2339 1115 2419 pluri·

212 2419 268 2479 bus
292 2419 383 2480 simul
408 2439 506 2498 neque
530 2421 625 2482 isdem
650 2421 745 2481 alveis
770 2419 875 2500 fluens,
897 2441 978 2482 nova
997 2441 1116 2499 semper

212 2499 294 2560 vada
308 2515 462 2578 novosque
475 2501 619 2579 gurgites,
637 2506 682 2580 (et
698 2500 737 2561 'ob
758 2497 863 2561 eadem
882 2501 978 2580 pediti
996 2521 1116 2581 quoque

213 2581 328 2640 incerta
343 2582 395 2641 via
409 2585 478 2658 est)
498 2582 538 2640 ad
557 2581 620 2652 ¹hoo
638 2602 713 2641 saxa
734 2580 872 2660 glareosa
880 2581 1021 2654 voluens,
1036 2580 1116 2640 nibil

213 2661 322 2721 stabile
336 2679 392 2720 nec
406 2669 508 2720 tutum
523 2661 708 2740 ingredienti
724 2661 857 2740 praebet.
900 2661 942 2722 Et
957 2671 1021 2722 tum
1037 2661 1116 2722 forte

159 2739 199 2802 30
214 2740 362 2800 imbribus
383 2750 490 2800 auctus
511 2740 665 2820 ingentem
688 2741 981 2820 transgredientibus
1003 2741 1116 2802 tumul·

213 2829 280 2881 turn
308 2821 389 2894 fecit,
413 2841 482 2881 cum
504 2841 596 2900 super
619 2832 718 2882 cetera
747 2823 949 2902 trepidatione
974 2822 1032 2902 ipsi
1060 2842 1116 2882 sua

213 2911 305 2980 atque
325 2902 447 2962 incertis
463 2901 647 2982 clamoribus
668 2902 874 2963 turbarentur.

255 2981 403 3042 XXXII.
446 2981 480 3041 P.
510 2981 668 3042 Cornelius
697 2982 801 3042 consul
825 2982 927 3043 triduo
951 2982 1013 3060 iege
1037 2991 1116 3062 post-

214 3083 305 3141 quam
335 3060 494 3122 Hannibal
524 3081 543 3120 a
571 3062 638 3140 ripa
667 3063 811 3122 Rhodani
836 3064 941 3135 movit,
965 3063 1116 3142 quadrato

160 3143 200 3203 35
215 3144 337 3220 agmine
349 3141 388 3200 ad
404 3153 504 3201 castra
519 3141 650 3201 hostium
667 3154 798 3214 venerat,
814 3143 931 3204 nullam
947 3143 1117 3202 dimicandi

215 3243 330 3280 moram
356 3222 509 3292 facturus3
539 3233 672 3280 ceterum
701 3223 753 3282 ubi
782 3223 900 3282 deserta
928 3223 1118 3282 munimenta

215 3321 270 3360 neo
291 3299 381 3360 l'acile
401 3322 432 3360 se
453 3311 573 3360 tantum
592 3320 778 3378 praegressos
792 3303 1007 3363 adsecuturum
1024 3304 1118 3375 videt,

215 3381 255 3440 ad
272 3399 354 3440 mare
368 3400 404 3440 ac
419 3399 511 3453 naves
526 3380 625 3450 rediit,
637 3381 733 3440 tutius
745 3381 926 3462 faciliusque
940 3385 983 3442 ila
999 3383 1119 3442 descen·

215 3459 299 3519 denti
314 3461 353 3520 ab
369 3459 502 3538 Alpibus
524 3457 695 3519 Hannibali
717 3479 906 3522 occursurus.
948 3459 995 3522 Ne
1017 3473 1119 3522 tamen
