2568 3782
170 213 240 310 ι178
342 231 432 278 r1r1
461 229 557 297 arur
586 228 643 276 nn
672 227 789 278 vass
818 226 1009 274 eonmrs

227 388 389 450 dictatorio
410 386 536 467 imperio
557 405 702 447 concusso
723 383 825 446 aliena
839 385 957 447 invidia
970 384 1136 466 splenden-

226 479 297 543 tem,
312 468 421 548 volgus
443 467 603 528 extrahere
624 467 665 526 ad
686 465 879 528 consulatum
901 465 1069 540 nitebatur,
1085 487 1136 545 pa-

227 560 288 612 tres
315 569 434 610 summa
460 567 517 627 ope
545 546 716 620 obstabant,
745 565 784 606 ne
811 567 842 607 se
869 547 1048 608 insectando
1076 547 1137 606 sibi

227 630 351 709 aequari
376 629 587 689 adsuescerent
610 628 755 688 homines.
799 627 838 704 Q.
859 627 995 688 Baebius
1015 628 1138 687 Heren·

193 711 212 771 6
227 713 295 772 nius
309 709 450 771 tribunus
464 707 570 789 plebis,
585 717 733 788 cognatus
747 708 781 769 O.
797 707 930 782 Terenti,
941 707 1137 769 criminando

225 811 287 852 non
311 798 451 851 senatum
475 789 575 862 modo,
595 789 647 849 sed
667 789 759 848 etiam
782 809 921 868 augures,
937 789 1018 869 quod
1041 789 1138 849 dicta·

226 882 322 934 torem
343 869 570 950 prohibuissent
590 869 714 931 comitia
735 869 888 949 perficere,
906 889 962 949 per
982 869 1137 930 invidiam

225 973 329 1013 eorum
353 951 490 1012 favorem
517 950 680 1011 candidato
701 971 756 1011 suo
778 950 978 1012 conciliabat:
1007 950 1064 1010 ‘ab
1086 951 1138 1010 ho-

225 1032 358 1092 minibus
382 1030 545 1104 nobilibus,
571 1052 625 1111 per
650 1031 762 1092 multos
786 1051 882 1092 annos
903 1030 1021 1091 bellum
1047 1052 1138 1110 quae·

173 1110 212 1172 10
225 1112 370 1186 rentibus,
401 1111 613 1173 Hannibalem
648 1111 681 1170 in
717 1112 844 1172 Italiam
872 1112 1061 1184 adductum
1097 1111 1137 1172 ab

225 1193 330 1265 isdem,
359 1213 427 1252 eum
458 1192 607 1253 debellari
636 1192 738 1272 possit,
760 1191 869 1252 fraude
897 1191 1014 1252 bellum
1042 1191 1137 1252 trabi.

224 1272 303 1334 Cum
331 1281 477 1352 quattuor
511 1271 861 1352 legionibus·universis
888 1273 1023 1352 pugnari
1051 1293 1140 1351 posse

224 1354 415 1433 apparuisset
443 1374 487 1427 eo,
517 1354 599 1432 quod
629 1353 672 1413 M.
702 1354 859 1415 Minucius
887 1353 1012 1414 absente
1037 1353 1139 1414 Fabio

224 1454 366 1514 prospere
408 1444 559 1512 ugnasset,
583 1434 658 1494 duas
684 1433 818 1513 legiones
842 1434 923 1495 hosti
947 1433 988 1494 ad
1011 1435 1138 1494 caedem

172 1511 210 1572 15
224 1514 365 1593 objectas,
397 1514 487 1575 einde
501 1535 539 1575 ex
554 1515 622 1595 ipsa
637 1514 729 1575 caede
744 1525 871 1595 ereptas,
883 1523 918 1574 ut
931 1523 1021 1594 pater
1035 1524 1139 1593 patro·

225 1615 340 1673 nosque
361 1595 581 1674 appellaretur,
603 1595 655 1675 qui
705 1596 771 1657 rius'
788 1597 910 1657 vincere
931 1594 1140 1674 prohibuisset

225 1675 378 1736 Romanos
407 1696 499 1755 quam
530 1676 622 1737 vinei.
719 1677 820 1737 nsules
848 1676 958 1736 deinde
986 1674 1139 1736 Fabianis

224 1754 350 1828 artibus,
367 1776 436 1816 oum
461 1756 616 1817 debellare
638 1767 768 1836 possent,
783 1756 899 1817 bellum
916 1756 1055 1816 traxisse.
1098 1754 1138 1814 Id

225 1835 329 1896 foedus
358 1835 437 1896 inter
467 1857 570 1898 omnes
600 1837 712 1897 nobilis
741 1838 846 1911 ictum,
867 1857 924 1897 nee
948 1835 1039 1896 finem
1065 1845 1139 1896 ante

172 1912 212 1973 20
226 1914 298 1976 belli
313 1915 481 1990 habituros,
498 1938 589 1996 quam
606 1918 761 1979 consulem
775 1939 846 1980 vere
860 1916 1025 1996 plebeium,
1039 1915 1073 1976 id
1092 1924 1139 1976 est

225 1995 378 2056 hominem
392 2016 516 2070 novum,
529 1998 686 2071 fecissent;
708 2019 780 2058 nam
794 1998 928 2078 plebeios
942 1996 1060 2058 nobiles
1070 1997 1140 2076 jam

225 2074 337 2136 eisdem
352 2077 488 2138 initiatos
498 2098 567 2140 ⁴essse
581 2079 676 2139 sacris
690 2088 721 2139 et
736 2088 929 2140 contemnere
950 2077 1082 2158 plebem,
1097 2097 1139 2136 ex

225 2176 285 2235 quo
305 2158 459 2217 contemni
493 2178 513 2219 a
546 2159 684 2237 patribus
718 2159 872 2232 desierint,
892 2159 1033 2238 coepisse.
1078 2157 1142 2218 Cui

226 2257 287 2296 non
307 2245 463 2318 apparere,
485 2238 517 2299 id
539 2248 644 2301 aetum
660 2249 690 2300 et
705 2241 876 2319 quaesitum
897 2248 1025 2312 esse,.ut
1045 2238 1141 2298 inter·

173 2320 212 2382 25
226 2337 353 2396 regnum
382 2318 521 2392 iniretur,
551 2330 587 2381 ut
615 2321 648 2380 in
676 2331 800 2399 patrum
828 2329 979 2400 potestate
1013 2319 1140 2379 comitia

226 2400 343 2459 essent?
385 2398 424 2458 Id
446 2401 583 2461 consules
605 2401 711 2461 ambos
733 2401 774 2460 ad
794 2403 964 2462 exercitum
988 2399 1139 2460 morando

226 2479 394 2557 quaesisse3
416 2479 447 2539 id
474 2491 587 2560 postea,
610 2483 685 2560 quia
709 2482 815 2544 invitis
842 2483 880 2542 iis
908 2482 1040 2543 dictator
1061 2488 1141 2540 esset

226 2559 327 2620 dietus
342 2561 535 2622 comitiorum
549 2582 650 2636 eausa,
661 2571 872 2643 expugnatum
883 2570 999 2635 assant
1010 2560 1139 2623 vitiosus

227 2639 358 2701 dictator
385 2663 440 2721 per
469 2663 599 2722 augures
627 2643 720 2705 fieret
768 2643 895 2704 Habere
921 2643 1017 2721 igitur
1045 2641 1139 2700 inter-

174 2723 214 2788 30
228 2740 355 2800 regnum
366 2743 433 2796 eos;
451 2724 642 2784 consulatum
656 2743 752 2788 unum
767 2733 849 2786 certe
864 2722 963 2803 plebis
978 2722 1139 2782 Romanae

228 2821 307 2874 esse;
321 2803 468 2884 populum
486 2805 617 2866 liberum
629 2805 813 2867 habiturum
828 2825 865 2865 ac
879 2805 1024 2865 daturum
1036 2801 1073 2873 ei,
1083 2801 1137 2880 qui

228 2893 348 2944 mature
362 2885 484 2946 vincere
501 2908 593 2965 quam
607 2887 661 2946 diu
677 2887 827 2966 imperare
840 2884 948 2946 malit!

268 2963 413 3028 XXXV.
458 2966 536 3028 Cum
551 2969 598 3028 his
612 2967 802 3028 orationibus
816 2985 944 3028 aceensa
953 2963 1040 3044 plebs
1050 2972 1136 3036 esset,

229 3045 327 3106 tribus
348 3047 487 3128 patriciis
508 3047 692 3128 petentibus,
708 3048 742 3109 P.
761 3047 904 3110 Cornelio
925 3044 1083 3118 Merenda,
1098 3043 1136 3106 L.

177 3127 215 3186 35
230 3125 349 3188 Manlio
374 3125 518 3201 Volsone,
547 3129 591 3189 M.
621 3128 755 3189 Aemilio
784 3129 911 3207 Lepido,
940 3124 1060 3188 duobus
1086 3145 1137 3183 no·

230 3205 344 3267 bilibus
360 3210 426 3288 J‘am
448 3207 636 3268 familiarum
657 3207 768 3286 plebei,
783 3208 817 3270 O.
833 3207 933 3268 Atilio
955 3206 1085 3267 Serrano
1106 3215 1137 3266 et

231 3283 268 3360 Q.
292 3284 383 3346 Aelio
406 3287 509 3360 Paete,
525 3307 655 3366 quorum
675 3288 754 3354 alter
774 3288 923 3368 pontifex,
937 3287 1016 3347 alter
1037 3306 1137 3363 augum

231 3373 306 3438 erat,
324 3365 357 3427 Ο.
373 3365 657 3440 Terentius‚consul
679 3387 760 3434 arnus
780 3377 910 3442 creatur,
932 3376 967 3427 ut
987 3367 1019 3425 in
1041 3385 1135 3426 manu

231 3443 294 3521 ejus
309 3454 408 3506 essent
421 3446 544 3510 comitia
564 3445 701 3525 rogando
720 3449 873 3528 conlegae.
915 3448 995 3507 Tum
1008 3457 1146 3525 experta-
