2568 3782
173 229 238 296 114
345 245 436 294 ‘rr‘rr
461 245 560 297 nrvr
583 245 639 294 nn
664 246 780 298 rann
809 246 1007 295 eornm

225 425 281 500 per
294 413 376 467 artas
390 403 629 485 praecipitesque
644 405 710 467 vias
723 424 836 484 magna
850 424 936 464 mora
950 403 1134 484 agebantur,

226 496 271 548 rta
290 495 392 548 tutum
413 484 453 546 ab
473 484 619 558 hostibus,
640 505 832 566 quacumque
853 485 1038 558 incederent,
1061 488 1135 565 quia

226 567 351 708 ibnsuetis
371 565 506 626 adeundi
525 567 650 646 propius
671 574 769 626 metus
790 573 864 639 erat,
879 585 990 644 agmen
1009 566 1135 648 praebe-

248 656 311 708 ant.

193 734 213 796 5
267 726 357 790 Nono
384 725 434 787 die
461 726 494 787 in
517 725 627 807 jugum
652 725 783 806 Alpium
802 737 990 805 ,perventum
1012 735 1058 789 est
1079 748 1134 808 per

226 808 313 870 invia
327 807 472 888 pleraque
486 815 517 868 et
531 827 655 881 errores,
670 827 744 886 quos
766 818 821 868 aut
843 808 1020 869 ducentium
1039 809 1132 881 fraus,

184 935 189 959 ,
226 897 290 962 aut,
303 888 355 948 ubi
370 887 444 948 fides
458 888 496 948 iis
511 907 571 949 non
586 897 671 961 esset,
684 897 796 950 temere
811 889 905 950 initae
919 889 1016 950 valles
1031 910 1050 949 a
1064 909 1133 950 con·

187 985 191 990 '
228 968 415 1050 jactantibus
432 968 490 1029 iter
509 967 850 1051 faciebantngiduum
873 971 904 1028 in
922 970 998 1050 jugo
1019 971 1133 1030 stativa

146 1068 148 1077 ·
227 1048 343 1122 habita,
358 1048 501 1129 fessisque
516 1048 621 1110 labore
636 1069 677 1110 ac*
687 1049 854 1130 pugnando
869 1051 952 1130 quies
966 1052 1040 1112 data
1053 1051 1133 1110 mili·

175 1133 215 1196 10
229 1129 327 1202 tibus;
345 1130 545 1210 jumentaque
567 1130 693 1210 aliquot,
709 1151 787 1212 quae
801 1131 944 1212 prolapsa
958 1131 990 1190 in
1004 1130 1133 1210 rupibus

229 1220 326 1284 erant,
337 1211 493 1292 sequendo
507 1211 637 1291 vestigia
652 1213 782 1292 agminis
796 1212 830 1272 in
844 1219 944 1272 castra
958 1232 1131 1290 pervenere.

227 1291 326 1352 Fessis
341 1291 441 1352 taedio
456 1301 501 1353 tot
515 1293 667 1354 malorum
677 1295 758 1356 nivis
769 1293 859 1354 etiam
872 1312 967 1364 casus,
977 1292 1133 1352 occidente

235 1373 296 1433 'arn
316 1372 413 1434 sidere
427 1374 649 1456 Vergiliarum,
668 1377 821 1456 ingentem
843 1382 988 1434 terrorem
1010 1372 1132 1452 adjecit

228 1395 288 1515 l’er
299 1456 404 1516 omnia
418 1456 489 1518 nivo
502 1459 627 1539 oppleta
642 1478 721 1531 cum,
731 1455 824 1535 signis
838 1454 939 1533 prima
952 1453 1021 1513 luce
1032 1454 1133 1526 motis,

175 1537 213 1600 15
227 1537 358 1617 segniter
372 1558 481 1616 agmen
496 1539 657 1612 incederet,
673 1537 857 1618 pigritiaque
871 1543 901 1594 et
915 1534 1087 1612 desperatio
1101 1535 1133 1593 in

227 1618 362 1678 omniurn
378 1619 468 1680 vultu
482 1621 638 1691 emineret,
654 1636 844 1699 praegressus
864 1615 952 1693 signa
970 1614 1134 1675 Hannibal

227 1697 260 1759 in
275 1701 488 1778 promunturio
503 1702 645 1779 quodam,
661 1700 743 1760 unde
764 1698 853 1776 longe
867 1716 902 1755 ac
918 1695 981 1756 late
994 1715 1133 1775 prospec-

227 1785 277 1840 tus
298 1787 372 1853 erat,
392 1782 553 1842 consistere
570 1783 660 1863 jussis
683 1777 833 1840 militibus
854 1776 980 1836 Italiam
1000 1783 1132 1836 ostentat

227 1858 436 1970 suquptosque
451 1861 575 1941 Alpinis
597 1860 750 1923 montibus
773 1857 1031 1935 Circumpadanos
1054 1876 1132 1916 cam-

174 1939 214 2004 20
227 1959 298 2018 pos:
332 1942 452 2002 moenia
465 1962 515 2004 eos
528 1952 594 2004 tum
609 1941 822 2004 transcendere
834 1957 894 1999 non
906 1937 1018 1998 Italiae
1031 1937 1132 2009 modo,

227 2020 280 2080 sed
304 2021 396 2082 etiam
420 2022 504 2083 urbis
530 2023 688 2085 Romanae
689 2015 714 2101 ql
720 2011 827 2082 lietera
851 2019 954 2098 plana,
979 2017 1132 2096 proclivia

227 2099 309 2175 fore;
329 2121 390 2162 nno
404 2113 459 2164 aut
471 2124 622 2164 summum
638 2104 735 2165 altero
750 2102 864 2182 proelio
878 2109 947 2179 arce
1011 2106 1024 2158 t
1038 2105 1132 2176 caput

227 2179 339 2242 Italiae
353 2183 385 2242 in
399 2203 491 2244 manu
506 2205 543 2245 ac
557 2193 705 2264 potestate
719 2180 907 2245 habituros.'‘
930 2117 1009 2319 {f

267 2261 434 2324 Prooedere
448 2264 520 2325 inde
534 2285 643 2345 agmen
658 2265 766 2344 coepit,
777 2263 843 2343 jam
854 2259 946 2321 nihil
992 2257 1131 2319 hostibus

174 2341 213 2404 25
227 2342 351 2420 quidem
374 2353 494 2423 praeter
516 2366 613 2425 parva
637 2346 721 2406 furta
745 2365 799 2424 per
824 2341 1011 2403 occasionem
1036 2347 1131 2418 temp

227 2422 372 2485 tantibus.
416 2423 558 2486 Ceterum
569 2426 628 2487 iter
638 2425 736 2487 multo
748 2443 838 2504 quam
851 2423 883 2482 in
894 2440 1019 2482 ascensu
1030 2419 1131 2480 fuerat

228 2503 278 2577 (ut
302 2503 447 2584 pleraque
471 2505 603 2586 Alpium
627 2507 666 2568 ab
692 2507 785 2568 Italia
813 2505 891 2564 sicut
918 2499 1059 2562 breviora
1086 2501 1130 2560 ita

227 2583 392 2646 arrectiora
415 2591 502 2664 sunt)
527 2587 683 2648 difficilius
707 2588 784 2659 fuit3
807 2584 905 2646 omnis
929 2581 1010 2642 enim
1036 2582 1129 2640 ferme

227 2664 279 2724 via
293 2684 445 2745 praeceps,
457 2677 596 2746 angusta,
606 2668 726 2729 lubrica
737 2675 811 2740 erat,
823 2675 859 2726 ut
872 2681 970 2742 neque
983 2661 1130 2724 sustinere

173 2743 213 2806 30
225 2763 257 2803 se
271 2764 290 2804 a
304 2744 392 2824 lapsu
408 2758 536 2825 possent,
545 2769 601 2809 nec
611 2751 664 2828 qui
676 2747 802 2828 paulum
814 2745 994 2807 titubassent
1006 2743 1130 2801 haerere

226 2823 321 2884 adfixi
336 2827 464 2906 vestigio
478 2848 541 2902 suo,
556 2829 669 2908 aliique
690 2849 780 2908 snper
799 2828 880 2888 alios¹
895 2835 926 2886 et
942 2825 1083 2904 jumenta
1097 2823 1129 2881 iu

226 2903 363 2967 homines
377 2908 575 2970 succiderent.

267 2985 430 3049 XXXVI.
474 2989 610 3049 Ventum
626 2987 735 3049 deinde
750 2988 789 3048 ad
805 2989 902 3048 multo
924 2983 1128 3064 angustiorem

227 3087 343 3146 rupem,
354 3077 445 3148 atque
456 3069 500 3130 ita
511 3071 600 3130 rectis
611 3070 702 3142 saxis,
714 3079 749 3130 ut
763 3089 852 3147 aegre
867 3067 1027 3148 expeditus
1042 3065 1130 3124 miles

174 3145 213 3204 35
228 3147 466 3226 temptabundus
486 3149 686 3228 manibusque
701 3149 834 3210 retinens
850 3149 986 3227 virgulta
1007 3165 1043 3204 ac
1064 3145 1130 3204 stir·
1243 3207 1246 3218 ,

227 3245 279 3364 pes
304 3227 384 3286 circa
408 3228 572 3288 eminentes
596 3228 755 3290 demittere
775 3247 836 3288 sese
858 3238 988 3308 posset.3
1007 3225 1169 3308 Natura&

240 3324 311 3365 ocus
321 3306 385 3385 jam
400 3316 472 3366 ante
486 3327 629 3387 praeceps
641 3309 753 3370 recenti
764 3308 851 3387 lapsu
863 3321 961 3368 terrae
973 3309 1005 3366 in
1017 3307 1130 3384 pedum

227 3383 312 3444 mille
325 3385 489 3446 admodum
505 3385 700 3449 altitudinem
715 3387 863 3465 abruptus
878 3398 951 3448 erat.
994 3387 1042 3446 Ibi
1059 3404 1129 3446 cum

119 3511 138 3526 .
227 3461 314 3524 velut
340 3464 381 3524 ad
408 3464 498 3526 finem
522 3467 592 3528 viae
619 3469 734 3546 equites
763 3469 977 3540 constitissent,
1003 3464 1130 3526 miranti
