2520 3784
416 249 547 296 masa
572 247 597 314 1,
625 232 742 296 58-59.
1033 229 1076 296 79

73 410 79 420 “
121 409 231 481 fidem
246 405 443 468 consolantur
464 425 585 484 aegram
605 405 709 478 animi,
724 405 889 466 avertendo
907 425 1022 466 noxam

121 489 160 550 ab
176 497 284 550 coacta
298 488 331 547 in
345 496 499 547 auctorem
517 486 637 546 delicti:
660 495 790 545 mentem
811 506 945 564 peccare,
961 507 1022 547 non

121 590 240 648 corpus,
262 576 302 642 et,
326 567 408 627 unde
432 567 591 627 consilium
616 565 737 636 afuerit,
763 566 885 644 culpam
910 566 1020 627 abesse.

122 655 139 681 “
149 649 214 710 Vos
226 649 243 674 ''
259 649 361 728 inquit
373 647 547 718 “videritis
562 646 637 724 quid
652 646 698 705 illi
715 645 880 717 debeatur;
902 667 956 725 ego
974 669 1021 707 me

120 731 175 790 etsi
189 739 317 809 peccato
338 727 471 800 absolvo,
486 725 636 805 supplicio
659 746 719 786 uon
745 725 859 798 libero;
881 747 936 786 uec
957 727 1022 788 ulla
1057 725 1076 786 5

120 810 231 870 deinde
256 809 402 889 inpudica
429 807 590 868 Lucretiae
617 805 759 885 exemplo
785 807 897 866 vivet.'’
952 807 1023 867 Cul-

120 899 212 962 trum,
223 910 315 968 quem
329 889 385 949 sub
396 897 483 949 veste·
493 887 631 948 abditum
646 887 786 960 habebat,
802 907 871 948 eum
885 887 916 946 in
932 889 1023 948 cordo

118 970 235 1049 defigit,
261 970 463 1049 prolapsaque
491 969 522 1027 in
550 967 663 1030 vulnus
690 968 873 1028 moribunda
901 969 1021 1030 cecidit.

118 1049 301 1110 Conclamat
321 1051 371 1111 vir
390 1059 542 1128 paterque.

158 1130 250 1191 LIX.
293 1129 418 1203 Brutus,
441 1129 502 1189 illis
525 1129 619 1188 luctu*
636 1129 800 1208 occupatio,
823 1129 957 1190 cultrum
982 1151 1021 1191 ex
1037 1126 1076 1189 10

117 1211 244 1272 volnere
259 1210 420 1270 Lucretiae
434 1218 606 1270 extractum
626 1219 800 1270 manantem
822 1231 928 1271 cruore
948 1231 1022 1290 prae

116 1311 148 1352 se
164 1302 279 1363 tenens,
296 1295 378 1370 “per
392 1291 501 1350 hunc''
516 1290 618 1369 iuquit
637 1291 864 1350 “castissimum
886 1301 957 1352 ante
977 1312 1022 1351 re·

116 1373 202 1450 giam
230 1371 375 1452 injuriam
403 1372 581 1450 sanguinem
604 1371 684 1450 juro,
707 1391 828 1450 vosque,
854 1371 907 1444 dii,
932 1381 1022 1432 testes

117 1453 208 1524 facio,
223 1465 272 1512 me
295 1452 331 1513 L.
355 1451 556 1530 Tarquinium
578 1450 759 1530 Superbum,
783 1471 852 1512 oum
874 1452 1021 1514 scelerata

116 1535 248 1612 conjuge
268 1542 298 1593 et
319 1533 402 1593 omui
426 1531 589 1592 liberorum
614 1533 716 1610 stirpe,
738 1532 827 1604 ferro,
852 1533 925 1610 igni,
947 1529 1075 1612 qua-15

116 1633 250 1692 cumque
263 1613 394 1692 denique
407 1613 439 1674 vi
453 1612 572 1691 possim,
588 1623 776 1685 exacturum,
796 1633 851 1672 nec
875 1612 943 1674 illos
965 1633 1020 1675 nec

115 1693 214 1754 alium
234 1713 417 1772 quemquam
437 1713 562 1771 regnare
582 1693 699 1753 Romae
718 1693 906 1772 passurum.''
948 1693 1021 1755 Oul-

115 1783 200 1833 trum
222 1773 332 1832 deinde
352 1772 506 1834 Collatino
527 1773 632 1844 tradit,
648 1773 720 1833 inde
741 1773 884 1834 Lucretio
905 1795 942 1834 ac
956 1774 1022 1835 Va·

115 1853 203 1927 lerio,
217 1852 410 1932 stupentibus
427 1853 576 1913 miraculo
591 1853 643 1924 rei,
658 1854 866 1914 undenorum
881 1855 913 1914 in
928 1854 1018 1916 Bruti

116 1943 241 2013 pectore
253 1934 418 2012 ingenium.
460 1933 505 1996 Ut
519 1941 714 2012 praeceptum
726 1944 799 2007 erat,
810 1935 935 2014 jurant;
949 1938 1018 1997 toti·
1034 1935 1073 1998 20

116 2034 177 2094 que
197 2014 237 2074 ab
257 2015 344 2074 luctu
365 2014 445 2076 versi
469 2013 502 2072 in
526 2015 613 2086 iram,
639 2013 781 2087 Brutum,
797 2017 864 2095 jam
885 2016 957 2077 inde
978 2017 1018 2077 ad

115 2095 357 2174 expugnandum
385 2115 513 2173 regnum
535 2105 706 2168 vocantem,
730 2105 873 2156 secuntur
900 2097 1017 2158 ducem.

117 2175 244 2234 Elatum
265 2175 355 2235 domo
376 2174 537 2235 Lucretiae
561 2195 670 2254 corpus
692 2176 724 2235 in
746 2176 846 2236 forum
868 2176 1017 2247 deferunt,

117 2256 316 2334 concientque
330 2255 487 2329 miraculo,
502 2267 536 2316 ut
549 2255 593 2328 fit,
608 2255 651 2315 rei
667 2275 764 2316 novae
782 2265 873 2334 atque
887 2257 1018 2336 indigni·

117 2345 180 2395 tate
194 2335 339 2396 homines
383 2335 443 2394 Pro
457 2355 488 2396 se
502 2336 629 2414 quisque
648 2335 745 2395 scelus
766 2338 883 2416 regium
904 2358 940 2397 ac
954 2340 1016 2400 vim
1032 2339 1072 2400 25

115 2413 293 2494 queruntur.
329 2415 434 2477 Movet
448 2435 517 2475 curn
532 2416 628 2494 patris
642 2417 802 2489 maestitia,
816 2427 880 2477 tum
902 2418 1017 2479 Brutus

115 2497 281 2574 castigator
308 2496 504 2556 lacrimarum
525 2505 616 2574 atque
638 2497 780 2557 inertium
802 2498 1016 2577 querellarum,

114 2588 289 2654 auctorque,
304 2576 386 2654 quod
400 2577 489 2648 viros,
505 2577 585 2655 quod
607 2577 761 2637 Romanos
783 2578 909 2651 deceret,
931 2599 1017 2640 arma

114 2657 256 2736 capiendi
270 2657 416 2717 adversus
429 2657 554 2717 hostilia
569 2677 664 2718 ausos
707 2658 922 2719 Ferocissimus
936 2663 1017 2738 quis·

114 2757 173 2815 que
189 2737 338 2817 juvenum
361 2757 430 2797 cum
452 2738 544 2796 armis
560 2739 751 2798 voluntarius
772 2739 866 2812 adest,
880 2743 1016 2818 sequitur
1031 2741 1071 2803 30

114 2826 144 2877 et
158 2828 259 2877 cetera
274 2818 427 2896 juventus.
471 2817 548 2878 Inda
562 2828 648 2896 parte
663 2819 812 2898 praesidio
827 2821 934 2880 relicta
949 2820 1016 2881 Col·

114 2898 207 2958 latiae
231 2897 271 2956 ad
297 2908 400 2975 portas
426 2897 774 2976 custodibusque-datia,
796 2919 833 2959 ne
857 2902 924 2979 quis
947 2922 1016 2961 eum

113 2988 231 3038 motum
246 2977 369 3056 regibus
390 2979 555 3051 nuntiaret,
571 2979 661 3038 ceteri
682 2979 802 3051 armati,
817 2981 893 3040 duce
908 2981 1015 3055 Bruto,

113 3058 405 3136 Romamprolircti.
448 3057 512 3118 Ubi
537 3078 573 3120 eo
598 3069 721 3119 ventum
746 3073 801 3133 est,
824 3079 1016 3140 quacumque

112 3139 228 3197 incedit
257 3147 376 3198 armata
403 3138 578 3211 multitudo,
607 3159 750 3217 pavorem
783 3161 819 3201 ac
848 3143 1015 3202 tumultum
1030 3141 1069 3202 35

112 3219 204 3289 faoit3
224 3237 339 3290 rursus,
358 3216 420 3276 ubi·
434 3219 549 3278 anteire
574 3221 719 3296 primores
744 3219 876 3281 civitatis
899 3221 1019 3294 vident·

111 3297 547 3376 quidquidsit,lraudtemere
557 3319 621 3358 esse
635 3309 749 3359 rentur.
791 3299 856 3359 Noc
867 3301 1014 3362 minorem

110 3389 228 3440 mtrem
245 3377 556 3460 ulmorumliomac.
572 3386 646 3440 tam.
657 3399 748 3440 atrox
760 3397 809 3437 nes
822 3379 906 3450 facit,
921 3397 1013 3454 quarn
