2568 3782
156 211 219 275 112
321 226 412 274 τιτι
439 225 534 273 nrvr
564 224 618 272 aa
644 225 759 275 vasa
789 225 981 274 couniri

246 381 413 444 XXXIII.
463 382 569 442 Prima
596 382 707 443 deinde
734 383 801 444 luce
829 393 930 444 castra
958 393 1051 456 mota,
1080 395 1111 448 et

206 485 315 544 agmen
330 464 455 524 relicum
472 463 610 523 incedere
624 465 732 542 coepit.
773 464 846 526 darn
865 467 1002 524 montani
1024 467 1112 544 signo

207 545 279 606 dato
294 565 333 605 ex
348 544 480 604 castellis
495 543 534 602 ad
553 544 713 603 stationem
734 545 856 605 solitam
876 546 1111 619 conveniebant,

207 645 277 687 cum
302 635 425 704 repente
450 624 640 702 conspiciunt
664 623 749 697 alios,
775 645 844 699 ame
869 637 1019 704 occupata
1046 622 1129 699 suas
1198 639 1200 648 '

174 707 298 785 5super
327 715 419 784 caput
447 704 633 776 inminentis
661 705 736 764 alios
765 706 816 766 via
846 706 975 765 transire
1003 708 1185 802 hostisqn,

192 781 347 896 {Utraque
361 785 451 846 simul
467 784 584 864 objecta
598 805 644 844 res
658 785 754 845 oculis
768 767 936 863 animisqud
950 783 1111 847 inmobiles
1170 780 1173 788 ’
1222 815 1235 856 ι
1277 831 1281 844 .

207 887 371 946 parumper
394 887 443 926 eos
468 849 596 941 defixitl
615 865 732 938 deinde,
758 875 793 925 ut
817 867 1052 944 trepidationem
1079 867 1112 927 in

134 969 138 976 ·
207 949 354 1026 angustiis
365 967 478 1025 suoque
490 946 592 1025 ipsum'
601 945 736 1005 tumultu
749 946 867 1006 misceri
878 966 988 1026 agmen
997 947 1111 1020 videre,
1160 935 1171 995 ἶ
1187 983 1198 1016 5
1216 939 1229 997 ’ν

206 1030 291 1107 equis
308 1028 442 1088 maxime
456 1026 666 1098 consternatis
680 1026 830 1106 quidquid
850 1027 1032 1105 affieqjsfient
1052 1028 1110 1108 ipsi
1129 1025 1153 1082 Ῥ.
1165 1037 1187 1086 9,

155 1107 193 1169 10
206 1109 330 1170 terroris
343 1108 416 1168 satis
431 1107 470 1167 ad
485 1107 649 1186 perniciem
665 1106 729 1166 fore
744 1107 812 1178 rati,
828 1108 1008 1168 transversis
1029 1108 1111 1188 rupi·
1166 1104 1175 1140 ξ
1209 1124 1222 1138 ’

155 1207 158 1217 ’
207 1190 272 1263 bus,
293 1210 347 1269 per
371 1190 464 1268 juata
491 1189 577 1271 invIa
605 1207 641 1246 ao
669 1186 760 1247 devia
788 1186 906 1246 adsueti
933 1187 1109 1248 decurrunt.

206 1269 286 1330 Turn
307 1290 378 1331 vero
405 1267 497 1328 simul
525 1267 570 1327 ab'
593 1267 739 1340 hostibus,
760 1267 852 1326 simul
881 1267 919 1327 ab
949 1269 1112 1347 iniquitate

207 1349 342 1412 locorum
363 1349 459 1409 Poeni
481 1347 897 1427 oppugnabantur„plusque
918 1349 999 1420 inter
1014 1350 1109 1427 ipsos,

207 1431 265 1491 sibi
293 1449 412 1510 quoque
440 1429 582 1490 tendente
617 1437 652 1488 ut
682 1428 818 1507 periculo
869 1430 930 1488 rius
958 1429 1111 1506 evaderet,

156 1510 193 1572 lb
207 1531 298 1589 quam
321 1530 389 1570 cum
408 1509 554 1581 hostibus,
569 1509 743 1568 certaminis
762 1448 866 1594 cratiln
879 1509 962 1587 Equi
976 1509 1112 1572 maxime

207 1592 349 1652 infestum
364 1610 473 1668 agmen
488 1589 650 1662 iaciebant,
662 1590 714 1668 qui
730 1599 759 1650 et
775 1588 959 1651 clamoribus
971 1590 1108 1666 dissonis

144 1679 169 1690 '¹
207 1693 281 1752 quos
303 1691 426 1730 nemora
447 1671 538 1730 ctiam
560 1690 809 1748 repercussaeque
830 1671 925 1732 valles
946 1672 1109 1750 augebant,

145 1821 149 1828 ¹
207 1753 306 1813 territi
328 1750 531 1829 trepidabant,
549 1759 585 1810 ct
605 1751 659 1810 icti
681 1750 758 1811 forte
783 1761 837 1810 aut
858 1751 1014 1812 vulnerati
1034 1753 1109 1812 adeo
1138 1803 1145 1810 .

208 1832 490 1903 consternabantur,
513 1841 546 1890 ut
567 1839 698 1910 stragem
724 1831 877 1909 ingentem
900 1832 992 1892 simul
1017 1831 1110 1894 homi·

155 1911 194 1972 20
208 1933 281 1973 num
297 1934 332 1972 ac
348 1913 535 1972 sarcinarum
557 1913 654 1970 omnis
675 1913 793 1990 generis
814 1913 948 1972 facerent
958 1935 966 1984 ;
978 1913 1110 1972 ,multos-

208 2015 267 2073 que
294 1993 394 2064 turba,
418 2013 487 2051 curn
515 1992 695 2070 praecipites
724 1993 929 2071 deruptaeque
957 1994 1110 2071 utrimque

210 2073 368 2152 angustiae
395 2082 501 2144 essent,
530 2071 561 2132 in
590 2072 760 2132 inmensum
790 2073 963 2133 altitudinis
992 2074 1109 2151 dejecit,

211 2154 356 2234 quosdam
384 2163 415 2214 et
442 2161 590 2226 armat0s3
625 2151 677 2212 sed
713 2153 820 2212 ruinae
854 2154 987 2214 maxime
1021 2153 1109 2214 modo
1161 2219 1164 2226 ¹

212 2238 353 2316 jumenta
368 2254 436 2293 cum
452 2231 591 2292 oneribus
606 2233 855 2294 devolvebantur.
874 2229 889 2302 ij
899 2234 986 2310 Qrae
1008 2254 1110 2312 quam-

154 2327 194 2387 25
211 2336 303 2395 quam
318 2315 406 2374 foeda
421 2313 598 2386 visueraut,
612 2314 697 2378 stetit
716 2333 880 2392 parumper
900 2324 1002 2373 tamen
1026 2315 1109 2374 Han·

208 2396 293 2456 nibal
324 2415 360 2454 ac
387 2415 456 2454 suos
485 2395 644 2466 continuit,
668 2414 706 2452 ne
733 2393 900 2453 tumultum
922 2415 958 2454 ac
980 2395 1110 2473 trepida-

208 2478 321 2537 tionem
336 2483 475 2553 augeret;
498 2475 616 2546 deinde,
632 2484 790 2554 postquam
807 2473 985 2552 interrumpi
1002 2495 1109 2554 agmen

111 2597 116 2608 ‹
208 2559 288 2620 vidit
316 2555 545 2635 periculumque
573 2575 643 2626 esse,
659 2542 710 2637 ,ine
741 2563 867 2614 exutum
895 2554 1109 2632 inpedimentis

208 2639 377 2698 exercitum
406 2637 590 2714 nequiquam
622 2635 804 2716 ineolumem
839 2631 1049 2706 traduxissetl
1063 2635 1110 2694 dc·

133 2725 134 2730 ’
156 2728 195 2789 30
210 2719 304 2786 currit
318 2738 357 2778 ex
371 2717 524 2794 superiore
538 2715 615 2787 loco,
630 2727 668 2786 et,
685 2735 753 2774 cum
773 2715 888 2794 impetu
904 2716 968 2794 ipso
985 2710 1110 2776 fudlsset

210 2801 335 2872 bostem,
350 2797 411 2857 suis
426 2816 545 2875 quoque
559 2795 726 2855 tumultum
746 2795 842 2856 atrivit.
885 2794 944 2856 Sed
960 2795 984 2856 is
999 2795 1110 2854 tumul,-

211 2892 258 2940 tus
286 2887 438 2938 momento
474 2876 625 2954 temporie,
654 2885 813 2954 postquam
842 2875 973 2936 liberata
1000 2875 1110 2934 itinera

209 2962 284 3040 fuga
315 2970 529 3018 montanorum
564 2965 660 3028 erant,
689 2955 820 3025 sedatur,
849 2976 904 3016 nec
932 2975 986 3033 per
1014 2957 1109 3022 otium

210 3042 307 3112 modo,
322 3039 374 3099 sed
389 3058 483 3117 prope
497 3035 617 3096 silentio
638 3056 710 3094 mox
732 3055 834 3094 omnes
855 3029 1110 3096 traductili'aeCas·
1134 3101 1136 3104 ,

157 3129 196 3188 35
210 3123 318 3182 tellum
333 3120 411 3190 inde,
422 3118 502 3196 quod
518 3127 610 3196 caput
624 3117 687 3194 ejus
703 3116 832 3193 regionis
847 3125 922 3188 erat,
933 3095 1111 3195 viculosque

205 3200 409 3278 circumjectos
431 3198 520 3276 capit,
541 3205 571 3257 et
592 3197 712 3274 captivo
733 3196 793 3254 cido
823 3214 858 3252 ao
879 3192 1038 3270 pecoribus
1058 3213 1112 3270 per

206 3279 340 3338 triduum
361 3278 526 3336 exercitum
555 3277 649 3346 aluit3
679 3285 722 3347 ct,
744 3273 816 3352 quia
837 3293 891 3333 nec
920 3295 938 3330 c
960 3273 1111 3332 montanis

206 3360 302 3434 primo
318 3356 459 3433 perculsis
475 3375 529 3416 nec
544 3354 608 3414 loco
628 3374 738 3432 magno
760 3373 848 3430 opere
867 3351 1110 3430 inpediebantur,

162 3441 164 3445 ’
206 3437 395 3513 aliquantum
411 3455 444 3492 co
460 3434 560 3493 triduo
575 3433 794 3508 viaccoat'ecit.
