2568 3782
185 234 247 298 138
350 251 439 297 r1r1
470 251 564 300 n1v1
595 251 650 297 an
680 251 798 301 vens
826 251 1018 299 counrrn

236 413 312 485 aput
325 427 383 481 eos,
397 405 451 468 sed
462 406 590 468 societas
608 408 698 468 etiam
721 429 874 468 armorum
890 417 980 488 parta
995 417 1051 483 est,
1066 410 1142 472 vali-

237 486 352 566 daeque
367 487 484 567 aliquot
498 487 684 548 arixiliorum
697 489 834 549 cohortes
849 509 886 548 ex
901 489 938 548 iis
954 491 1145 569 conscriptae

237 579 317 628 sunt.
358 567 523 628 Hannonis
544 568 586 628 cis
608 567 760 628 Hiberum
781 569 942 647 provincia
963 580 1048 642 erat;
1073 591 1144 632 eum

238 647 403 726 reliquerat
435 647 595 707 Hannibal
624 648 664 708 ad
692 649 824 726 regionis
853 649 917 728 ejus
967 651 1143 712 raesidium.

204 727 356 806 bltaque,
371 729 548 807 priusquam
569 728 778 788 alienarentur
800 730 911 802 omnia,
927 670 1050 790 obviam
1073 749 1145 794 eun·

238 807 311 868 dum
332 818 425 881 ratuS,
447 808 553 868 castris
575 809 608 868 in
629 818 791 888 conspectu
815 809 947 868 hostium
973 811 1090 890 positis,
1112 812 1145 872 in

237 888 334 948 aciem
358 888 474 950 eduxit.
516 887 582 949 Nec
603 888 743 949 Romano
767 889 966 953 differendum
988 901 1145 952 certamen

237 968 346 1040 visum,
365 969 478 1048 quippe
499 969 551 1048 qui
572 970 663 1029 sciret
685 989 756 1031 eum
777 969 932 1030 Hannone
952 981 984 1031 et
1004 971 1146 1034 Hasdru·

236 1048 307 1108 bale
327 1048 384 1108 sibi
406 1049 614 1110 dimicandum
639 1071 710 1124 esse,
732 1049 899 1136 malletque
919 1051 1065 1112 adversus
1084 1053 1146 1112 sin-

185 1126 324 1209 legulos
350 1130 514 1208 separatim
545 1151 636 1209 quam
671 1131 816 1192 adversus
850 1131 925 1192 duos
959 1131 1051 1192 simul
1079 1153 1146 1194 rem

258 1231 347 1271 erere.
386 1209 464 1271 'Nec
489 1212 592 1290 magni
624 1212 798 1273 certaminis
825 1233 862 1274 ea
890 1213 1046 1273 dimicatio
1074 1199 1207 1296 fuit&

48 1287 84 1380 j),
107 1298 135 1379 j
235 1232 297 1352 dex
321 1291 407 1351 milia
431 1283 564 1352 hostium
592 1310 687 1367 caesa,
709 1293 770 1352 duo
792 1302 883 1372 capta
903 1313 972 1353 cum
992 1293 1146 1372 praesidio

237 1383 424 1445 castrorum;
452 1393 522 1433 nam
552 1382 582 1434 et
614 1385 714 1436 castra
743 1383 920 1454 expugnata
940 1382 1023 1445 suut,
1052 1383 1147 1452 atque

40 1446 48 1475 ²
98 1479 100 1488 ’
120 1499 122 1506 κ
144 1478 148 1508 ι
172 1459 184 1499 l
237 1454 300 1533 ipse
314 1454 379 1514 dux
393 1473 463 1513 cum
478 1454 595 1533 aliquot
608 1453 799 1535 principibus
813 1455 986 1533 capiuntur,
997 1463 1028 1513 et
1043 1453 1146 1526 Cissis,

185 1530 223 1592 15
236 1536 416 1616 propincum
442 1538 548 1596 castris
574 1536 731 1615 oppidum,
757 1544 960 1614 expugnatur.
1002 1533 1145 1595 Ceterum

236 1617 350 1756 praeda
371 1615 475 1696 oppidi
497 1617 583 1695 parvi
610 1615 687 1696 preti
710 1635 811 1676 rerum
832 1616 900 1688 i'uit,
917 1614 1057 1693 supellex
1078 1613 1147 1674 bar·

258 1697 341 1757 arica
355 1717 391 1758 ac
406 1696 514 1758 vilium
532 1697 774 1776 mancipiorum;
797 1705 897 1755 castra
917 1695 1046 1756 militem
1068 1695 1146 1755 dita-

235 1797 315 1850 vere,
330 1799 390 1839 nou
405 1779 469 1858 ejus
485 1778 574 1838 modo
591 1777 742 1838 exercitus
764 1776 818 1854 qui
832 1776 931 1836 victus
952 1786 1026 1848 erat,
1041 1775 1094 1836 sed
1116 1783 1148 1834 et

236 1859 299 1938 ejus
314 1861 449 1938 quicum
467 1857 647 1918 Hannibale
662 1858 694 1917 in
710 1856 806 1917 Italia
824 1855 987 1929 militabat,
1003 1855 1145 1916 omnibus

183 1931 223 1994 20
236 1938 299 1998 fere
323 1941 399 2000 caris
424 1939 520 2011 rebus,
548 1959 585 1998 ue
612 1938 720 2018 gravia
746 1937 954 2016 iupedimenta
978 1935 1146 1996 ferentibus

236 2030 342 2092 essent,
365 2022 441 2082 citra
462 2019 655 2100 Pyrenaeum
677 2019 800 2078 relictis.

280 2101 369 2162 LXI.
412 2102 594 2180 Priusquam
622 2107 705 2159 certa
731 2099 821 2178 hujus
846 2097 942 2158 cladis
962 2097 1047 2158 fama
1068 2096 1145 2158 acci-

240 2179 333 2254 deret,
358 2192 559 2260 transgressus
590 2178 742 2239 Hiberum
772 2178 949 2240 Hasdrubal
978 2198 1047 2238 cum
1078 2188 1145 2238 octo

241 2262 364 2322 milibus
389 2261 535 2341 pediturn,
561 2260 647 2320 mille
672 2261 819 2338 equitum,
841 2268 998 2338 tamquam
1022 2259 1063 2318 ad
1084 2259 1144 2337 pri-

184 2345 223 2408 25
239 2363 323 2402 mum
348 2343 512 2404 adveutum
541 2342 750 2402 Romanorum
773 2359 961 2412 occursurus,
983 2348 1144 2418 postquam

236 2423 371 2502 perditas
386 2445 431 2484 res
445 2423 485 2484 ad
492 2423 608 2483 -Oissim
630 2421 800 2499 amissaque
823 2429 923 2480 castra
943 2420 1072 2496 accepit,
1086 2419 1145 2479 iter

236 2503 276 2563 ad
289 2524 371 2564 mare
380 2504 539 2565 convertit.
582 2502 677 2563 Haud
694 2500 801 2581 procul
818 2500 990 2560 Tarracone
1005 2498 1144 2558 classicos

237 2584 348 2644 milites
363 2585 547 2663 navalesque
557 2585 652 2644 socios
664 2603 758 2661 vagos
773 2581 966 2660 palantisque
977 2599 1032 2658 per
1045 2599 1143 2658 agros,

237 2665 319 2744 quod
333 2665 427 2725 ferme
441 2665 484 2738 fit,
500 2674 534 2724 ut
552 2663 703 2724 secundae
724 2682 770 2722 res
792 2660 1016 2740 neglegentiam
1031 2667 1143 2733 creent,
1163 2697 1168 2701 -

184 2746 337 2824 tesquis
364 2745 475 2824 passim
503 2744 635 2817 dimisso,
661 2764 731 2804 cum
761 2761 874 2821 magna
903 2740 1003 2813 caede,
1029 2741 1143 2820 majore

236 2825 319 2904 fuga,
340 2827 380 2886 ad
401 2845 494 2886 naves
516 2825 678 2903 conpellit;
701 2845 758 2885 nec
779 2823 896 2884 diutius
917 2821 999 2882 circa
1020 2841 1056 2881 ea
1077 2821 1144 2882 loca

236 2908 349 2966 morari
373 2927 473 2978 ausus,
497 2926 536 2965 ne
564 2903 603 2964 ab
631 2904 772 2984 Scipione
798 2904 1031 2983 opprimeretur,
1058 2910 1143 2962 trans

236 2986 387 3046 Hiberum
403 3007 464 3046 sese
479 2985 601 3064 recepit.
644 2983 808 3063 Et‘Scipio
831 2984 944 3062 raptim
967 2981 1006 3042 ad
1027 2982 1143 3041 famam

236 3086 383 3128 novorum
396 3068 527 3126 bostium
539 3065 661 3144 agmine
672 3074 749 3136 acto,
762 3084 829 3124 cum
842 3063 874 3124 iu
887 3083 999 3142 paucos
1010 3061 1143 3140 praefec-

182 3145 222 3206 35
235 3156 281 3204 tos
295 3148 421 3208 navium
436 3146 710 3216 animadvertisset,
725 3143 876 3222 praesidio
891 3143 1065 3204 Tarracone
1080 3163 1141 3201 mo-

235 3225 304 3284 dico
320 3226 439 3297 relicto,
461 3225 622 3303 Emporias
647 3244 716 3283 cum
738 3223 833 3283 classe
854 3224 954 3283 rediit.
998 3222 1140 3283 Vixdum

234 3304 368 3381 digresso
382 3325 426 3376 eo,
442 3303 621 3367 Hasdrubal
642 3303 757 3375 aderat,
773 3313 804 3364 et
824 3303 992 3381 Ilergetum
1015 3302 1141 3381 populo,

236 3385 288 3461 qui
302 3383 419 3444 obsides
436 3383 573 3461 Scipioni
587 3383 721 3457 dederat,
736 3383 776 3442 ad
791 3383 989 3444 defectionem
1006 3382 1140 3462 inpulso,

234 3481 429 3524 cumeorum
453 3463 588 3542 ipsorum
611 3462 774 3544 juventute
802 3483 891 3542 agros
915 3463 1054 3524 fidelium
1080 3463 1142 3528 Ro·
