2520 3784
481 236 617 284 mnsn
640 237 667 301 r,
686 219 815 284 51-52.
1102 219 1141 288 ll

182 393 272 468 luce,
292 393 346 454 ubi
369 402 493 456 ventum
517 393 549 454 in
572 393 736 454 concilium
763 393 812 465 sit,
834 393 1000 456 instructus
1021 414 1091 456 cum

183 475 419 553 conjuratorum
440 493 533 533 manu
554 483 749 552 armatusque
764 482 909 535 venturus
930 473 977 534 sit.
1020 471 1091 535 Dici

184 554 367 634 gladiorum
393 555 545 632 ingentem
575 574 637 614 esse
664 573 824 613 numerum
856 553 896 615 ad
927 573 995 612 eum
1024 575 1091 614 con·

184 643 321 695 vectum.
364 633 402 693 Id
417 654 531 695 vanum
553 654 646 694 necne
666 634 714 708 sit,
732 631 886 710 extemplo
906 633 977 692 sciri
997 654 1090 712 posse.

186 713 311 792 Rogare
339 733 398 786 eos,
426 723 461 773 ut
489 714 559 774 inde
592 733 694 774 secum
722 712 761 772 ad
791 711 928 772 Turnum
957 715 1089 775 veniant.
1126 715 1145 776 5

187 794 368 872 Suspectam
398 794 469 854 fecit
496 814 559 854 rem
587 802 617 853 et
645 794 799 872 ingenium
829 792 925 855 Turni
949 793 1035 854 ferox
1060 805 1091 854 ct

187 875 289 935 oratio
304 874 444 934 hesterna
458 883 488 934 et
502 895 587 935 mora
601 873 769 952 Tarquinii,
781 873 862 951 quod
877 872 1039 934 videbatur
1053 874 1092 934 ob

188 975 257 1016 eam
273 954 388 1013 differri
402 954 502 1014 caedis
517 955 656 1033 potuisse.
698 953 784 1014 Eunt
799 953 954 1014 inclinatis
968 954 1092 1032 quidem

187 1035 229 1109 ad
245 1034 430 1094 credendum
445 1035 563 1107 animis,
573 1043 684 1107 tamen,
693 1033 752 1094 nisi
762 1033 874 1112 gladiis
889 1033 1091 1113 deprehensis,

188 1125 291 1176 cetera
306 1134 387 1174 vana
400 1114 611 1175 existimaturi.
1107 1119 1146 1180 10

231 1194 297 1256 Ubi
312 1204 356 1254 est
370 1215 405 1255 eo
419 1204 554 1269 ventum,
569 1195 718 1269 Turnum,
733 1217 771 1256 ex
793 1216 898 1256 somno
912 1196 1090 1268 excitatum,

189 1276 420 1336 circumsistunt
440 1276 594 1348 custodes;
623 1276 895 1355 conprehensisque
915 1276 1017 1350 servis,
1039 1277 1092 1355 qui

189 1356 320 1416 caritate
341 1354 456 1414 domini
472 1356 534 1415 vim
556 1357 715 1436 parabant,
731 1378 800 1418 cum
822 1356 918 1435 gladii
939 1355 1038 1416 abditi
1053 1377 1092 1418 ex

189 1435 332 1496 omnibus
356 1434 430 1496 locis
450 1435 630 1498 deverticuli
656 1438 916 1516 protraherentur,
937 1437 1092 1500 enimvero

189 1515 355 1577 manifesta
379 1537 425 1578 res
450 1517 525 1589 visa,
551 1518 737 1598 injectaeque
761 1517 865 1578 Turno
891 1528 1032 1588 catenae;
1061 1526 1092 1578 et
1107 1519 1146 1583 16

190 1596 350 1658 confestim
364 1597 546 1658 Latinorum
561 1598 725 1658 concilium
748 1619 858 1677 magno
873 1618 942 1658 cum
957 1597 1092 1658 tumultu

190 1678 370 1738 advocatur.
414 1677 462 1738 Ihi
478 1688 542 1738 tam
557 1689 647 1740 atrox
662 1679 781 1740 invidia
795 1690 862 1740 orta
876 1690 920 1738 est
933 1678 1044 1758 gladiis
1060 1678 1091 1738 in

191 1758 293 1819 medio
308 1760 419 1837 positis,
436 1768 470 1820 ut
485 1759 602 1820 indicta
620 1779 720 1835 causa,
735 1781 814 1823 novo
835 1781 943 1839 genere
965 1759 1027 1833 leti,
1043 1757 1093 1820 de-

187 1839 295 1919 jectus
310 1839 349 1898 ad
364 1849 456 1919 caput
476 1861 575 1920 aquae
589 1841 780 1914 Ferentinae,
795 1852 878 1902 crate
898 1861 1027 1920 superne
1049 1841 1093 1900 in-

192 1921 277 2000 jecta
291 1921 433 2000 saxisque
446 1922 603 2000 congestis,
619 1931 811 2000 mergeretur.
1107 1923 1147 1984 20

233 1999 307 2060 LII,
349 2001 511 2062 Revocatis
526 2000 635 2062 deinde
649 2003 688 2062 ad
703 2003 866 2064 concilium
881 2001 1002 2062 Latinis
1020 2001 1093 2062 Tar·

188 2081 317 2159 ,quinius
341 2081 601 2162 conlaudatisque,
624 2083 675 2161 qui
698 2083 836 2142 Turnum
860 2094 1023 2144 novantem
1046 2103 1093 2142 res

192 2181 249 2240 pro
264 2162 423 2222 manifesto
437 2161 602 2241 parricidio
617 2163 726 2224 merita
740 2183 837 2243 poena
851 2163 1039 2236 adfecissent,
1050 2163 1094 2222 ita

193 2242 387 2304 verbafecit:
407 2247 508 2321 ‘posse
519 2243 642 2323 quidem
652 2264 684 2304 se
692 2252 810 2305 vetusto
816 2245 886 2323 jure
896 2263 993 2323 agere,
1003 2241 1093 2323 quod,

193 2343 264 2383 cum
284 2343 387 2384 omnes
407 2323 513 2384 Latini
533 2324 573 2384 ah
588 2324 675 2385 Alba
687 2324 808 2385 oriundi
822 2326 891 2398 sint,
907 2327 969 2400 [in]
986 2345 1020 2384 eo
1035 2324 1094 2384 foe·
1106 2325 1147 2385 25

194 2403 265 2462 dere
286 2412 454 2476 teneantur,
470 2425 530 2483 quo
544 2404 583 2464 ab
598 2405 690 2465 Tullo
704 2425 751 2465 res
765 2407 863 2465 omnis
878 2405 1003 2465 Albana
1024 2423 1093 2464 cum

194 2483 320 2544 coloniis
334 2483 437 2544 suisio
449 2485 623 2546 Romanum
635 2485 756 2546 cesserit
767 2485 927 2564 imperium
939 2507 945 2557 ;
961 2494 1094 2546 ceterum

194 2584 225 2624 se
249 2564 394 2626 utilitatis
421 2566 482 2642 [id]
509 2565 605 2644 magis
630 2566 767 2625 omnium
793 2586 883 2626 causa
906 2585 1035 2636 censere,
1059 2572 1094 2624 ut

194 2654 357 2706 renovetur
372 2645 403 2706 id
418 2647 532 2720 l'oedus,
543 2646 735 2725 secundaque
746 2647 807 2724 poti
813 2667 846 2706 us
856 2647 978 2706 fortuna
988 2644 1095 2724 populi

195 2725 330 2784 Romani
344 2735 379 2786 ut
392 2726 674 2806 participes-Latini
691 2728 840 2799 fruantur,
856 2747 948 2806 quam
970 2725 1094 2786 urbium
1109 2726 1148 2788 30

195 2806 317 2866 excidia
341 2808 585 2886 vastationesque
612 2827 765 2886 agrorum,
788 2827 862 2886 quas
884 2805 972 2866 Anco
1000 2806 1093 2884 prius,

194 2895 282 2964 patre
302 2886 413 2946 deinde
432 2907 486 2946 suo
506 2896 654 2966 regnante
673 2888 804 2966 perpessi
825 2887 895 2960 sint,
910 2907 1026 2965 semper
1040 2893 1095 2946 aut

194 2975 370 3044 exspectent
384 2977 439 3026 aut
453 2967 627 3045 patiantur!

236 3045 325 3104 Haut
337 3045 503 3106 difficulter
517 3067 692 3126 persuasum
708 3046 837 3119 Latinis,
852 3067 1037 3126 quamquam
1062 3045 1094 3104 in

195 3145 230 3185 eo
257 3125 378 3186 foedere
404 3127 542 3205 superior
569 3127 710 3188 Ronlana
733 3147 780 3186 res
802 3138 886 3200 erat;
909 3138 1041 3187 ceterum
1065 3134 1095 3186 et
1110 3127 1148 3186 35

195 3207 298 3284 capita
311 3206 443 3274 nominis
457 3206 564 3268 Latini
576 3216 657 3268 stare
671 3227 707 3267 ac
721 3207 833 3268 sentire
847 3228 916 3266 cum
931 3227 1000 3284 rege
1014 3206 1095 3268 vide-

195 3284 279 3358 bant,
301 3295 332 3345 et
353 3286 478 3355 Turnus
502 3287 550 3348 sui
578 3287 687 3366 cuique
715 3287 852 3367 periculi,
872 3287 897 3346 si
918 3286 1095 3346 adversatus

189 3374 280 3439 ‚esset
295 3385 399 3436 recens
412 3367 718 3430 eratdocumentum.
761 3367 811 3428 Ita
833 3373 1013 3426 renovatum
1037 3365 1096 3434 fce-
