2520 3784
325 1058 582 1166 [PERIOCHA
613 1059 749 1166 LlBRI
778 1057 894 1142 XXL]

159 1365 255 1426 [Isim
271 1367 329 1414 belli
346 1368 432 1415 Punici
454 1369 554 1415 secundi
575 1372 707 1414 narrantur
722 1372 747 1414 ct
768 1367 916 1414 Hannibalis
938 1367 1006 1413 ducis
1029 1366 1088 1412 Pos-

127 1454 213 1490 nornm
229 1448 315 1492 contra
330 1446 414 1492 foedus
430 1460 474 1510 per
490 1445 609 1492 Hiberum
625 1446 714 1492 llnmen
737 1446 863 1492 transitus.
895 1458 911 1490 a
931 1457 979 1506 quo
995 1444 1089 1503 Sagun·

127 1525 180 1568 tum
191 1523 310 1570 sociorum
320 1524 406 1585 populi
418 1523 523 1570 Romani
538 1525 626 1570 civitas
643 1526 741 1571 obsessa
757 1528 843 1570 octavo
858 1537 942 1569 mense
956 1525 1030 1584 capta
1045 1525 1089 1567 est.

128 1599 158 1646 de
175 1601 263 1660 quibus
279 1601 377 1648 iniuriis
398 1601 467 1671 mispi
486 1603 562 1660 legati
579 1603 611 1647 ad
631 1601 845 1661 Carthaginiensse
863 1601 906 1663 qui
923 1599 1089 1662 quererentur.

127 1690 182 1724 oum
199 1679 338 1726 satisfacere
349 1669 452 1736 nollent'
461 1679 552 1726 bellum
569 1680 603 1725 eis
620 1681 739 1726 indictum
756 1685 799 1726 est.
832 1679 958 1726 Hannibal
975 1683 1088 1745 superato

127 1755 253 1814 Pyrenaeo
264 1757 328 1802 saltu
338 1771 383 1818 per
394 1757 489 1804 Gallica
504 1757 566 1804 lusis
577 1757 668 1815 Volcis,
679 1759 722 1819 qui
740 1758 856 1804 obsistere
872 1759 953 1806 conati
969 1762 1040 1804 erunt
1056 1758 1087 1812 ei,

127 1839 152 1882 et
167 1835 199 1880 ad
210 1836 285 1896 Alpes
296 1836 365 1882 venit
375 1839 399 1882 et
409 1836 530 1883 laborioso
546 1851 590 1900 per
606 1851 646 1884 ees
663 1839 777 1895 transitu,
789 1851 843 1884 oum
854 1842 982 1884 montanos
993 1851 1103 1900 quoque*

129 1912 212 1958 Gallos
228 1914 312 1959 obvios
330 1914 424 1976 aliquot
441 1915 541 1976 proeliis
558 1916 696 1976 repulisset,
708 1917 833 1962 descendit
852 1916 878 1960 in
896 1891 996 1961 Itisliam
1014 1921 1038 1961 et
1058 1916 1090 1992 apl

128 1990 238 2036 'licinum
254 1991 343 2037 flumen
359 1991 483 2038 Romanos
499 1994 606 2054 equestri
622 1995 714 2053 proelio
731 1994 803 2039 ludit.
834 1993 860 2038 in
875 2005 923 2054 quo
935 1993 1089 2038 vulneratum

128 2067 155 2112 P.
174 2067 311 2114 Cornelium
332 2067 468 2130 Scipionem
485 2072 595 2131 protexit
612 2071 685 2126 filius,
702 2071 745 2131 qui
764 2069 876 2116 Africani
893 2073 980 2134 postea
1000 2059 1089 2145 nometi¹
1146 2075 1149 2079 “

127 2145 228 2206 accepit.
261 2145 395 2206 iterumque
411 2146 520 2192 exercitu
536 2147 647 2192 Romano
659 2148 689 2192 ed
702 2147 790 2192 flumen
803 2147 915 2194 Trebiam
927 2148 980 2204 luco
993 2147 1092 2202 Hanni-2

128 2223 168 2268 bal
179 2222 335 2282 Apenninum
346 2235 443 2282 quoqne
453 2236 590 2284 permagna
599 2223 730 2268 vexatione
740 2225 846 2270 militum
856 2230 957 2286 propter
968 2226 1017 2270 vim
1028 2221 1094 2272 tem!

126 2299 258 2362 postellum
271 2298 375 2344 transiit.
408 2299 451 2344 Cn.
465 2299 591 2346 Cornelius
609 2301 691 2362 Scipio
709 2302 734 2346 in
753 2301 876 2363 Hispania
893 2307 979 2350 contra
996 2303 1090 2352 Poenos

127 2387 242 2438 prospere
251 2374 373 2436 pugnavit
384 2373 444 2422 duce
455 2374 563 2422 hostium
574 2375 680 2436 Magone
690 2375 782 2438 capto]

911 2544 941 2594 82

1251 1579 1259 1618 l
