2562 3788
175 227 239 294 208
336 241 548 289 n1r1n1v1
576 242 630 288 Aa
656 241 770 289 vasa
800 241 991 287 coxam

226 400 357 464 vertenti
385 397 527 478 praebuit
552 398 713 459 fortunae?
755 397 939 458 Recenseam
964 398 1058 458 duces
1081 397 1143 458 Ro

227 501 341 553 manos,
363 499 418 539 nec
439 498 542 539 omues
566 479 702 539 omnium
724 479 881 550 aetatium,
902 479 953 538 sed
979 479 1060 556 ipsos
1082 499 1141 549 eos,

227 581 297 623 cum
322 559 431 640 quibus
457 559 631 620 consulibus
656 567 709 618 aut
734 558 934 617 dictatoribus
956 557 1141 618 Alexandro

227 642 287 702 suit
309 639 496 710 bellandum,
516 639 558 700 M.
576 639 735 700 Valerium
759 637 904 708 Corvum,
926 637 959 698 O.
982 637 1140 698 Marcium

194 721 379 792 5Rutilum,
394 719 427 780 O.
442 720 622 799 Sulpicium,
644 719 677 778 Τ.
701 717 853 778 Manlium
876 717 1077 797 Torquatum,
1099 719 1139 795 Q.

228 802 398 863 Publilium
421 799 591 872 Philonem,
608 800 644 859 L.
660 799 820 878 Papirium
838 797 1009 871 Cursorem,
1025 799 1065 875 Q.
1081 799 1141 858 Fa-

227 883 312 943 bium
334 881 518 953 Maximum,
540 880 615 940 dnos
641 879 760 951 Decios,
787 878 823 938 L.
847 878 1060 949 Volumnium,
1085 879 1140 939 M’.

227 962 376 1024 Curium?
417 961 568 1040 Deinceps
590 961 727 1038 ingentes
749 967 893 1018 secuntur
908 959 976 1030 viri,
997 959 1023 1018 si
1045 959 1141 1018 Puni·

228 1064 296 1103 cum
319 1043 458 1103 Romano
480 1043 693 1121 praevertisset
715 1039 830 1099 bellum
851 1039 1011 1118 seniorque
1028 1039 1061 1098 in
1078 1039 1141 1098 Ita-

175 1126 213 1186 10
228 1124 300 1183 liam
329 1123 502 1203 trajecisset.
544 1121 666 1181 Horum
696 1122 727 1180 in
756 1119 894 1199 quolibet
922 1139 992 1178 cum
1020 1120 1140 1180 indoles

227 1204 342 1277 eadem,
366 1223 444 1282 quae
469 1204 501 1262 in
527 1201 716 1273 Alexandro,
741 1210 807 1260 erat
831 1199 926 1259 animi
951 1200 1139 1278 ingeniique,

227 1293 291 1344 tum
318 1284 481 1364 disciplina
505 1284 663 1355 militaris,
679 1283 744 1361 jam
769 1280 841 1340 inde
866 1280 905 1340 ab
930 1281 1027 1340 initiis
1053 1281 1139 1340 urbis

227 1365 342 1424 tradita
356 1385 410 1442 per
424 1385 539 1438 manus,
555 1365 587 1424 in
609 1365 683 1424 artis
704 1362 859 1442 perpetuis
874 1361 1043 1440 praeceptis
1058 1361 1140 1421 ordi·

227 1453 318 1505 natae
332 1445 455 1508 modum
471 1454 603 1507 venerat.
646 1444 696 1504 Ita
710 1463 793 1520 reges
807 1453 962 1522 gesserant
984 1440 1077 1513 bella,
1093 1443 1139 1500 ita

175 1525 214 1586 15
227 1524 503 1585 deindeexactores
518 1545 624 1604 regum
638 1525 660 1586 J
663 1525 726 1584 unii
739 1523 927 1602 Valeriique,
938 1523 982 1582 ita
993 1521 1139 1601 deinceps

227 1603 328 1676 Fabii,
344 1604 492 1681 Quinctii,
507 1604 650 1678 Cornelii,
671 1605 715 1664 ita
737 1604 849 1664 Furius
871 1603 1029 1675 Camillus,
1044 1617 1139 1681 quem

234 1686 360 1764 juvenes
375 1687 406 1752 ii,
422 1685 532 1764 quibus
551 1707 621 1746 cum
637 1685 817 1747 Alexandro
834 1684 1042 1744 dimicandum
1060 1694 1137 1759 erat,

227 1785 327 1825 senem
340 1766 491 1826 viderant.
534 1766 685 1827 Militaria
706 1787 798 1845 opera
820 1766 986 1845 pugnando
1008 1764 1138 1827 obeunti

228 1845 408 1906 Alexandro
424 1848 510 1923 (nam
526 1867 561 1906 ea
575 1867 695 1926 quoque
709 1847 793 1907 haud
814 1847 914 1907 minus
932 1847 1050 1908 clarum
1067 1869 1139 1908 eum

175 1927 214 1988 20
228 1926 359 1998 faciunt)
377 1927 509 1987 cessisset
523 1927 668 1988 videlicet
688 1929 720 1986 in
741 1928 807 1987 acie
828 1928 948 1989 oblatus
969 1950 1026 2007 par
1047 1929 1140 1989 Man-

227 2007 287 2066 lius
311 2005 481 2085 Torquatus
505 2018 560 2068 aut
583 2006 726 2068 Valerius
751 2007 878 2082 Corvus,
904 2010 1037 2089 insignes
1065 2020 1139 2072 ante

228 2085 339 2146 milites
353 2106 445 2165 quam
462 2087 561 2161 (luces,
578 2088 733 2148 cessissent
753 2088 851 2162 Decii,
866 2091 983 2152 devotis
1004 2093 1139 2171 corpori-

228 2165 284 2226 bus
306 2167 337 2225 in
360 2167 473 2226 hostem
496 2177 624 2240 ruentes,
640 2170 774 2230 cessisset
795 2170 938 2249 Papirius
953 2171 1067 2233 Cursor
1082 2174 1139 2234 illo

228 2246 360 2325 corporis
375 2247 489 2317 robore,
504 2247 558 2308 illo
573 2249 681 2310 animi!
704 2251 803 2312 victus
817 2259 893 2312 esset
907 2254 1041 2314 consiliis
1051 2256 1140 2332 juve-

175 2328 213 2387 25
228 2327 274 2385 nis
297 2327 394 2398 unius,
416 2347 454 2387 ne
474 2327 609 2407 singulos
631 2331 793 2406 nominem,
814 2343 937 2394 senatus
962 2334 1024 2407 ille,
1046 2335 1139 2415 quem

227 2407 279 2486 qui
300 2427 340 2466 ex
360 2408 482 2486 regibus
509 2419 647 2470 constare
672 2412 752 2472 dixit
776 2435 855 2475 unus
876 2437 979 2477 veram
1005 2419 1139 2497 speciem

227 2487 360 2548 Romani
380 2499 501 2549 senatus
522 2491 620 2568 cepit!
662 2492 700 2552 Id
716 2515 787 2555 vero
809 2505 875 2557 erat
895 2499 1078 2576 periculum,
1100 2521 1140 2559 ne

227 2567 478 2647 sollertiusquam
494 2571 624 2649 quilibet
641 2594 719 2634 unus
741 2597 780 2636 ex
801 2578 857 2650 his,
873 2599 948 2658 quos
969 2581 1139 2655 nominavi,

229 2648 334 2742 castris
355 2648 455 2708 locum
478 2660 607 2730 caperet,
623 2667 807 2718 commeatus
829 2659 995 2739 expediret,
1012 2660 1052 2720 ab
1068 2661 1141 2722 insi·

175 2729 214 2790 30
228 2729 285 2790 dus
294 2739 495 2808 praecaveret,
504 2741 622 2812 tempus
630 2754 751 2814 pugnae
760 2739 915 2819 deligeret,
922 2740 1019 2800 aciem
1028 2740 1141 2802 iustru-

228 2818 299 2881 eret,
320 2809 462 2870 subsidiis
487 2812 630 2876 firmaret.
673 2816 745 2877 Non
771 2840 840 2880 oum
867 2819 969 2880 Dareo
990 2841 1055 2880 rem
1077 2842 1141 2882 esse

228 2889 362 2962 dixisset,
383 2911 474 2969 quem
499 2895 662 2957 mulierum
688 2917 725 2957 ao
749 2900 919 2977 spadonum
948 2921 1057 2980 agmen
1080 2911 1141 2962 tra·

228 2971 359 3041 hentem,
375 2972 455 3031 inter
468 2994 636 3053 purpuram
659 2986 750 3056 atque
773 3001 891 3052 aurum,
906 2991 1066 3041 oneratum
1082 2982 1141 3041 for·

229 3060 320 3110 tunae
331 3053 529 3129 apparatibus
543 3076 624 3128 suae,
637 3059 781 3136 praedam
794 3063 896 3121 verius
908 3082 999 3140 quam
1011 3061 1140 3135 hostem,

176 3130 214 3188 35
229 3129 306 3188 nihil
321 3131 405 3190 aliud
421 3153 512 3209 quam
528 3134 604 3194 bene
619 3157 708 3198 ausus
724 3161 804 3200 vana
824 3150 1024 3210 contemnere,
1041 3141 1142 3202 incru-

228 3217 314 3267 entus
330 3209 452 3269 devicit.
496 3213 601 3292 Longe
616 3217 695 3276 alius
710 3218 822 3280 Italiae
837 3241 928 3299 quarn
951 3220 1070 3294 Indiae,
1086 3243 1142 3300 per

229 3304 320 3362 quam
336 3289 502 3350 temulento
517 3295 639 3371 agmine
654 3299 889 3360 comisabundus
910 3301 1041 3372 incessit,
1057 3303 1143 3362 visus

229 3363 276 3420 illi
299 3363 421 3456 habitus
443 3381 527 3461 esset,
541 3372 786 3454 saltusrApuliae
807 3399 845 3438 ac
865 3389 982 3440 montes
997 3379 1143 3442 Lucanos

230 3453 363 3502 cernenti
388 3454 419 3506 et
440 3451 568 3526 vestigia
592 3455 725 3514 recentia
749 3455 932 3520 domesticae
957 3459 1065 3534 cladis,
1088 3459 1143 3522 ubi
