2562 3788
393 229 526 276 maan
551 229 667 293 xxm,
695 213 827 279 48-49.
1048 215 1107 280 191

149 387 325 466 parmisque
344 394 375 446 et
391 387 501 465 jaculis
523 395 593 446 ante
608 385 697 464 pedes
711 386 843 447 hostium
859 387 1008 468 projectis,
1022 388 1056 448 in

150 468 285 527 mediam
299 467 396 527 aciem
411 468 526 546 accepti
542 467 686 544 ductique
702 467 742 526 ad
757 466 880 527 ultimos
900 469 1056 529 considere

150 548 191 608 ab
206 557 291 624 tergo
306 546 461 625 jubentur.
504 549 552 607 Ac
567 547 640 606 dum
655 547 804 626 proelium
818 548 858 608 ab
873 549 954 608 omni
970 559 1057 627 parte

152 629 329 699 conseritur,
341 628 436 705 quieti
451 637 645 698 manserunt;
667 637 828 706 postquam
842 629 978 687 omnium
993 629 1056 690 ani-

152 727 217 767 mos
242 706 404 784 oculosque
428 717 632 786 occupaverat
657 716 819 780 certamen,
841 717 905 768 tum
927 710 1056 786 arreptis
1091 709 1131 770 5.

151 787 256 860 scutis,
271 807 349 865 quae
363 788 474 865 passim
488 787 567 846 inter
588 807 711 847 acervos
726 808 879 848 caesorum
896 809 1054 868 corporum

152 876 251 927 strata
274 874 370 940 erant,
392 887 529 927 aversam
551 867 732 927 adoriuntur
757 868 928 929 Romanam
949 869 1055 944 aciem,

152 956 298 1027 tergaque
319 947 458 1007 ferientes
480 967 515 1007 ac
537 947 666 1026 poplites
688 949 845 1008 caedentes
865 959 996 1028 stragem
1012 950 1056 1010 in·

151 1037 273 1105 gentem
289 1047 325 1086 ac
339 1028 483 1105 majorem
504 1027 661 1106 aliquanto
679 1049 822 1107 pavorem
837 1049 873 1089 ac
888 1029 1055 1090 tumultum

152 1108 298 1167 fecerunt.
340 1106 417 1167 Cum
433 1107 508 1168 alibi
523 1118 620 1168 terror
633 1129 668 1168 ac
684 1108 766 1186 fuga,
778 1109 854 1168 alibi
867 1109 1010 1188 pertinax
1024 1111 1055 1169 in
1073 1111 1111 1171 10

152 1187 235 1246 mala
245 1188 311 1265 jam
325 1208 377 1266 spe
392 1188 539 1265 proelium
555 1197 639 1261 esset,
651 1187 839 1260 Hasdrubal,
854 1190 957 1268 quiea
972 1199 1058 1268 parte

153 1276 302 1346 praeerat,
323 1268 486 1328 subductos
514 1289 553 1328 ex
582 1269 682 1330 media
710 1269 774 1328 acie
802 1269 962 1342 Numidas,
984 1271 1057 1350 quia

152 1348 252 1426 segnis
267 1368 369 1408 eorum
385 1369 454 1408 cum
468 1349 602 1410 adversis
616 1369 719 1428 pugna
738 1359 812 1422 erat,
828 1349 866 1410 ad
881 1369 1058 1430 persequen-

154 1429 208 1488 dos
229 1429 341 1507 passim
363 1428 507 1507 fugientis
522 1429 626 1502 mittit,
642 1429 797 1508 Hispanos
812 1439 841 1491 et
855 1429 962 1491 Gallos
976 1431 1057 1510 equi·

154 1519 198 1569 tes
212 1509 299 1569 Afris
318 1529 412 1588 prope
427 1509 493 1589 jam
508 1510 590 1570 fessis
612 1512 702 1570 caede
724 1512 819 1590 magis
840 1531 932 1590 quam
953 1531 1057 1590 pugna
1072 1513 1111 1571 15

66 1588 70 1593 ’
152 1589 302 1669 adjungit.

194 1669 320 1731 XLIX.
362 1671 454 1732 Parte
475 1671 571 1733 altera
592 1692 712 1751 pugnae
732 1671 857 1744 Paulus,
872 1691 1058 1750 quamquam

155 1753 253 1830 primo
281 1753 385 1812 statim
414 1753 527 1832 proelio
556 1752 652 1812 funda
679 1753 814 1831 graviter
841 1751 919 1812 ictus
947 1751 1057 1825 fuerat,

155 1843 257 1892 tamen
272 1842 303 1893 et
317 1834 450 1894 occurrit
470 1853 558 1912 saepe
580 1854 648 1893 cum
670 1833 813 1893 confertis
835 1831 1007 1892 Hannibali
1028 1841 1059 1893 et

155 1913 274 1993 aliquot
298 1913 372 1974 locis
396 1913 545 1992 proelium
570 1914 711 1985 restituit,
736 1913 964 1992 protegentibus
988 1933 1057 1972 eum
1072 1913 1111 1974 20

155 1994 308 2072 equitibus
323 1994 479 2066 Romanis,
494 1995 609 2054 omissis
623 2003 773 2073 postremo
787 1993 881 2071 equis,
895 1995 968 2072 quia
989 2013 1057 2052 con-

154 2074 251 2134 sulem
263 2085 293 2135 et
307 2075 345 2133 ad
359 2075 523 2152 regendum
535 2095 644 2153 equum
658 2075 736 2134 vires
748 2073 937 2134 deficiebant.
979 2073 1057 2133 Tum

155 2155 345 2215 renuntianti
366 2155 497 2227 cuidam,
512 2155 634 2234 jussisse
660 2153 812 2214 consulem
838 2154 877 2213 ad
898 2153 988 2232 pedes
1009 2153 1058 2213 de-

154 2235 297 2294 scendere
312 2235 434 2313 equites,
450 2235 563 2295 dixisse
583 2234 793 2295 Hannibalem
815 2234 917 2295 ferunt
938 2238 1056 2312 “quam

155 2314 290 2388 mallem,
305 2315 422 2376 vinctos
443 2315 519 2374 mihi
540 2316 690 2376 traderet!
702 2315 718 2340 '’
754 2314 902 2393 Equitum
920 2315 1058 2393 pedestre
1073 2315 1111 2374 25

154 2395 316 2474 proelium,
337 2394 428 2473 quale
448 2396 514 2474 jam
540 2395 621 2456 haud
648 2395 742 2455 dubia
766 2395 899 2455 hostium
921 2394 1058 2468 victoria,

155 2473 222 2548 fuit,
239 2495 309 2535 cum
323 2475 398 2536 victi
413 2475 490 2534 mori
510 2475 542 2535 in
555 2476 683 2554 vestigio
698 2475 825 2535 mallent
840 2495 930 2553 quam
945 2474 1058 2554 fugere,

154 2556 295 2627 victores,
311 2555 497 2615 morantibus
511 2557 670 2616 victoriam
685 2556 765 2629 irati,
781 2555 970 2616 trucidarent
985 2573 1059 2634 quos

154 2635 270 2714 pellere
284 2656 344 2694 non
358 2645 509 2714 poterant.
551 2636 739 2714 Pepulerunt
753 2645 855 2696 tamen
866 2636 930 2714 jam
946 2655 1059 2714 paucos

155 2715 327 2794 superantis
348 2724 377 2774 et
398 2715 503 2776 labore
524 2736 559 2776 ac
574 2716 752 2782 vulneribus
767 2717 865 2776 fessos.
908 2715 985 2776 Inde
1000 2715 1058 2775 dis·
1074 2715 1113 2776 30

155 2795 248 2875 sipati
269 2815 372 2855 omnes
392 2805 472 2868 sunt,
487 2816 638 2875 equosque
658 2797 697 2856 ad
719 2797 824 2874 fugam
844 2796 897 2874 qui
918 2805 1061 2875 poterant

156 2874 343 2954 repetebant.
396 2875 450 2936 On.
479 2875 629 2937 Lentulus
658 2875 798 2936 tribunus
827 2877 960 2937 militum
989 2897 1059 2936 cum

155 2955 391 3034 praetervehens
411 2975 488 3033 equo
508 2957 660 3017 sedentem
682 2957 714 3016 in
734 2977 809 3016 saxo
831 2977 936 3016 cruore
958 2956 1059 3035 opple·

156 3045 222 3094 tum
239 3034 393 3094 consulem
408 3035 541 3107 vidisset,
558 3041 574 3066 “
585 3037 620 3096 L.
643 3037 786 3110 Aemili‚'’
809 3037 919 3115 inquit,
943 3041 1060 3115 “quem

155 3135 252 3180 unum
268 3115 417 3174 insontem
433 3115 541 3194 culpae
556 3116 651 3177 cladis
671 3117 835 3176 hodiernae
848 3117 898 3175 dei
913 3119 1060 3194 respicere
1076 3115 1114 3176 35

156 3194 276 3267 debent,
299 3215 375 3274 cape
394 3196 477 3254 huno
498 3199 625 3274 equum!
649 3197 721 3256 dum
743 3207 773 3256 et
793 3197 851 3256 tibi
872 3197 985 3258 virium
1006 3197 1061 3255 ali·

156 3275 230 3354 quid
251 3285 396 3354 superest,
411 3285 441 3335 et
457 3296 554 3336 comes
575 3297 630 3354 ego
644 3286 674 3354 te
689 3276 794 3336 tollere
809 3295 930 3356 possum
944 3295 980 3334 ac
994 3297 1061 3354 pro

157 3363 265 3434 tegere.
308 3355 357 3416 Ne
378 3355 529 3415 funestam
551 3357 631 3418 hanc
652 3377 788 3433 pugnam
810 3364 907 3414 morte
929 3355 1061 3413 consulis

157 3434 280 3507 feeeris;
300 3436 395 3502 etiam
417 3436 481 3494 sine
502 3435 559 3494 hoc
580 3434 776 3496 lacrimarum
803 3434 876 3493 satis
901 3432 1072 3509 luctusque·
