2520 3784
465 241 597 289 mann
623 242 649 308 1,
675 225 729 289 44.
1056 223 1099 293 68

141 397 276 460 civitatis
291 405 375 459 efflet.
393 400 399 410 '
417 398 544 478 Equites
554 401 636 460 enim
645 399 834 462 vocabantur
845 399 953 480 primi;
967 409 1046 462 octo

141 479 229 558 ginta
243 479 317 540 inde
330 479 447 558 primae
462 479 563 540 classis
578 482 732 542 centuriae
745 482 892 560 [primum
909 481 1045 560 peditum

142 559 366 636 vocabantur];
389 558 431 620 ibi
452 560 477 620 si
492 561 634 634 variaret,
650 561 729 640 quod
745 581 814 621 raro
834 561 996 633 incidebat,
1011 571 1047 623 nt

141 639 294 700 secundae
313 639 416 702 classis
430 650 622 714 vocarentur,
638 662 694 701 nec
715 641 777 701 fere
798 660 944 720 umquam
965 643 1047 702 infra

142 719 187 778 ita
214 719 439 793 descenderent,
465 729 499 780 ut
526 720 565 780 ad
590 722 709 781 infimos
737 721 939 800 pervenirent
981 722 1046 782 Nec
1081 723 1100 783 5

142 798 250 859 mirari
264 809 393 878 oportet,
407 799 490 860 hunc
504 801 650 874 ordinem,
667 802 720 881 qui
740 821 822 863 nunc
844 813 889 862 cst
909 811 977 882 post
997 823 1047 862 ex·

144 878 241 956 pletas
265 880 400 958 quinque
425 888 455 940 et
479 881 607 960 triginta
631 882 738 955 tribus,
761 882 918 962 duplicato
942 903 1046 942 earum

142 979 271 1020 numero
293 960 438 1020 centuriis
454 961 610 1040 juniorum
634 964 855 1044 seniorumque,
870 963 910 1023 ad
929 963 1048 1024 institu-

143 1048 208 1100 tam
223 1040 263 1100 ab
277 1039 384 1102 Servio
398 1040 501 1101 Tuliio
519 1061 669 1103 summam
685 1063 744 1104 non
760 1045 929 1105 convenire.
965 1043 1049 1121 Qua·

142 1119 304 1180 driiariam
325 1121 406 1184 enim
428 1121 502 1182 urbe
522 1122 622 1184 divisa
647 1124 821 1204 regionibus
849 1123 1047 1204 collibusque,
1062 1123 1102 1187 10

143 1201 198 1280 qui
226 1201 457 1274 habitabantur,
480 1211 581 1282 partes
610 1225 660 1266 eas
687 1205 786 1266 tribus
813 1204 990 1284 appellavit,
1012 1214 1048 1266 ut

143 1301 200 1360 ego
218 1280 361 1354 arbitror,
376 1303 395 1342 a
409 1282 542 1356 tributo;
563 1306 635 1346 nam
656 1287 720 1366 ejus
740 1305 859 1365 quoque
879 1285 1049 1364 aequaliter

143 1382 184 1421 cx
205 1382 296 1422 censu
319 1363 493 1423 conferendi
508 1364 548 1425 ab
563 1367 669 1428 eodem
681 1367 762 1426 inita
775 1366 853 1425 ratio
867 1374 929 1437 est;
950 1385 1048 1446 neque

143 1462 198 1502 eae
213 1442 311 1502 tribus
328 1443 367 1504 ad
382 1446 589 1507 centuriarum
611 1446 853 1508 distributionem
875 1465 1046 1505 numerum·

143 1543 203 1602 que
219 1524 382 1602 quicquam
396 1526 576 1605 pertinuere.
1063 1527 1101 1587 15

184 1602 308 1666 XLIV.
351 1606 450 1668 Censu
470 1609 611 1688 perfeeto,
626 1629 715 1688 quem
736 1615 945 1669 maturaverat
964 1616 1048 1667 metu

142 1689 221 1770 legis
234 1690 273 1768 de
288 1689 416 1751 incensis
431 1689 512 1750 latae
527 1710 596 1749 cum
611 1689 803 1751 vinculorum
820 1687 910 1748 minis
931 1688 1048 1747 mortis·

144 1793 213 1850 quc,
228 1771 336 1844 edixit,
350 1781 385 1832 ut
407 1790 509 1830 omnes
531 1771 611 1832 cives
633 1769 774 1841 Romani,
789 1768 912 1908 abirim·
923 1767 1048 1860 pedites·

143 1873 213 1931 que,
225 1852 256 1912 in
272 1851 333 1912 suis
348 1853 474 1932 quisque
489 1852 641 1924 centuriis,
652 1851 683 1910 in
698 1869 804 1929 campo
856 1857 934 1908 artro
948 1867 1048 1927 prima

144 1932 214 1994 luce
242 1934 388 1994 adessent.
442 1932 491 1992 Ibi
520 1931 701 1992 instructum
731 1929 899 1990 exercitum
927 1948 1046 1988 omnem
1061 1929 1102 1992 20

143 2013 401 2074 suovetaurilibus
431 2012 584 2085 lustravit,
612 2012 704 2090 idque
731 2009 887 2070 conditum
916 2008 1047 2068 lustrum

143 2094 345 2173 appellatum,
359 2094 432 2174 quia
447 2095 473 2154 is
494 2093 643 2154 censendo
662 2092 729 2152 finis
750 2090 849 2150 faetus
863 2097 915 2149 est.
957 2089 1048 2181 Milia

144 2175 301 2252 octoginta
324 2195 359 2234 eo
385 2175 483 2236 lustro
511 2174 625 2235 civium
654 2193 743 2232 censa
770 2171 915 2230 dicuntur
924 2191 931 2240 ;
952 2168 1047 2232 adrcrt

143 2255 327 2333 scriptorum
349 2255 575 2336 antiquissimus
597 2253 712 2314 Fabius
734 2251 847 2323 Pictor,
866 2269 979 2322 eornm,
994 2249 1046 2329 qui

144 2355 232 2396 arma
246 2335 324 2395 ferre
337 2346 465 2415 possent,
481 2357 549 2397 eum
564 2354 724 2396 numerum
739 2332 839 2391 fuisse.
1060 2331 1101 2392 25

185 2415 239 2475 Ad
260 2435 326 2476 eam
347 2417 575 2478 multitudinem
597 2415 671 2475 urbs
691 2432 810 2492 quoque
830 2409 1049 2489 amplificanda

143 2495 213 2557 visa
227 2505 279 2558 est.
321 2495 421 2558 Addit
435 2498 510 2558 duos
524 2498 625 2568 colles,-
641 2492 833 2572 Quirinalem
845 2490 1046 2551 Viminalem-

145 2596 224 2655 que;
245 2575 316 2636 inde
336 2577 477 2656 deinceps
497 2588 588 2658 auget
611 2575 774 2656 Esquilias,
796 2571 898 2664 ibique
919 2571 991 2650 ipse,
1011 2577 1048 2631 ut

144 2653 213 2716 loco
228 2656 361 2735 dignitas
375 2657 468 2731 fieret,
478 2659 606 2720 habitat.
649 2659 772 2736 Aggere
783 2663 812 2714 et
823 2653 908 2713 i'ossrs
919 2661 949 2711 et
959 2669 1047 2712 muro

144 2737 317 2798 circumdat
327 2737 448 2811 urbem;
464 2739 507 2800 ita
518 2738 686 2818 pomerium
698 2735 819 2817 profert.
861 2731 1045 2804 Pomerium,
1061 2733 1101 2796 30
1179 2805 1181 2814 Ι

143 2816 233 2878 verbi
247 2818 309 2878 vim
324 2817 418 2879 solam
434 2820 595 2892 intuentes
609 2817 825 2898 postmoerium
847 2813 1047 2892 interpretan-

143 2906 273 2957 turesse
282 2917 289 2970 3
311 2907 355 2958 est
368 2907 470 2960 autern
485 2900 581 2979 magis
596 2897 835 2968 circamoerium,
851 2894 943 2963 locus,
955 2911 1045 2970 quem

143 2978 178 3036 in
199 2977 363 3038 condendis
384 2979 510 3040 urbibus
532 2980 684 3060 quondam
701 2977 834 3050 Etrusci,
849 2994 910 3054 qua
924 2992 1046 3032 murum

143 3058 269 3117 ducturi
283 3067 378 3132 erant,
394 3061 483 3120 certis
497 3061 579 3120 circa
593 3059 729 3120 terminis
744 3057 927 3136 inaugurato
946 3073 1046 3112 conse·

144 3137 282 3210 orabant,
297 3148 332 3198 ut
346 3159 443 3219 neque
462 3141 605 3200 interiore
625 3149 712 3218 parte
733 3137 872 3197 aedificia
890 3132 1046 3194 moenibus
1060 3135 1099 3195 35

143 3218 406 3293 continuarentur,
425 3241 503 3300 quae
523 3240 605 3280 nunc
619 3220 713 3298 vulgo
734 3218 823 3278 etiam
846 3216 1046 3294 conjungunt,

143 3307 177 3358 et
195 3299 382 3360 extrinsecus
403 3301 474 3379 puri
494 3300 611 3379 aliquid
626 3299 665 3360 ab
675 3301 813 3358 bumano
829 3295 914 3356 cultu
929 3300 1048 3371 pateret

143 3377 211 3438 unii.
252 3377 323 3440 Hoc
336 3383 479 3458 spatium,
494 3380 576 3458 quod
587 3400 687 3458 neque
701 3376 836 3437 habitari
851 3392 948 3451 neque
963 3370 1044 3429 arari

144 3456 191 3522 fias
210 3468 290 3532 crat
308 3479 371 3519 non
393 3461 490 3539 magis
513 3459 593 3540 quod
618 3467 687 3537 post
710 3473 832 3515 murum
857 3458 935 3510 esset
954 3465 1046 3524 quam
