2568 3782
749 93 832 138 (Μ.

137 219 199 284 106
302 232 394 280 rrrr
421 232 517 280 arvi
544 231 600 278 aa
627 231 743 280 vace
773 197 1040 280 connrrnss'.
1085 243 1160 282 err.
1195 228 1200 237 '

189 399 309 472 possent
334 397 482 461 curantes,
508 388 629 468 raptim,
658 385 770 467 quibus
796 407 828 450 sc
855 407 971 467 suaque
998 396 1102 449 trans·

189 472 343 540 veherent,
365 468 527 530 faciebant.
589 471 615 529 T.
638 465 641 474 ’

229 549 375 612 XXVII.
417 547 550 627 Jamque
577 541 718 609 or'nnibus
745 548 819 610 satis
847 545 1024 627 conparatis
1057 547 1101 608 ad

189 631 402 703 traiciendum,
431 629 586 690 terrebant
612 649 652 688 ex
680 629 807 708 adverso
835 628 945 703 hostes,
974 649 1100 689 omnem

157 716 176 775 ὁ
190 713 288 790 ripam
309 711 424 789 equites
439 708 558 787 virique
578 708 766 780 obtinentem
787 729 863 786 quos
880 717 916 767 ut
933 717 1099 782 averteret,

189 791 374 852 Hannonem
404 788 585 850 Bomilcaris
612 789 711 848 filium
736 788 846 868 vigilia
873 789 973 867 prima
998 789 1099 848 noctis

150 916 168 952 ·.
190 893 260 932 cum
295 881 381 951 parte
415 868 581 948 copiarum,
610 870 745 928 maxime
779 869 938 947 Hispanis,
966 867 1098 939 atheran

96 969 99 979 ’
177 943 314 1024 'flumine
342 952 386 1011 ire
413 950 470 1010 iter
498 949 588 1008 unius
617 948 677 1008 diei
701 949 800 1028 jubet,
822 957 860 1022 ct,
882 949 936 1007 ubi
960 951 1098 1027 primum

190 1034 292 1111 possit,
320 1051 412 1110 quam
446 1029 649 1090 occultissime
684 1030 811 1108 trajecto
846 1029 939 1102 amni,
969 1029 1098 1088 circum·

139 1118 176 1178 10
191 1113 301 1172 ducere
321 1131 439 1191 agmen,
457 1118 500 1183 ut,
519 1131 588 1170 cum
611 1130 686 1189 opus
707 1110 789 1170 facto
810 1109 859 1181 sit,
875 1108 1036 1169 adoriatur
1056 1107 1097 1168 ab

190 1202 274 1270 tergo
289 1192 413 1252 hostem.
456 1190 507 1250 Ad
522 1190 554 1250 id
569 1189 634 1250 dati
654 1191 746 1251 duces
766 1188 853 1250 Galli
872 1189 1008 1262 edocent,
1023 1189 1097 1248 inde

190 1273 277 1334 milia
291 1273 425 1352 quinque
439 1281 468 1332 et
483 1271 595 1350 viginti
614 1271 710 1331 ‘ferme
730 1290 823 1350 supra
845 1259 967 1349 parvae'
977 1269 1099 1330 insulae
1121 1344 1125 1348 ⁵

190 1353 406 1416 circumfusum
427 1371 548 1412 amnem
570 1352 687 1426 latiore,
702 1350 756 1412 ubi
778 1349 984 1422 dividebatur,
999 1370 1098 1428 ecque

159 1434 290 1494 'minus
315 1433 378 1492 alto
401 1431 489 1493 alveo
513 1433 677 1492 transitum
702 1431 867 1493 ostendere.
911 1428 960 1489 Ibi
982 1431 1097 1510 raptim

138 1519 177 1580 lo
190 1534 277 1576 caesa
305 1513 432 1574 materia
460 1521 598 1591 ratesque
622 1512 800 1586 fabricatae,
826 1512 858 1571 in
887 1510 998 1590 quibus
1026 1511 1099 1589 equi

190 1595 309 1674 virique
336 1602 366 1654 et
393 1593 456 1654 alia
483 1613 576 1653 ouer-a
604 1594 815 1654 traicerentur.
869 1592 1005 1672 Hispani
1031 1593 1099 1652 sine

190 1674 256 1736 ulla
277 1674 365 1746 mole,
379 1674 410 1733 in
433 1682 513 1733 utres
528 1675 716 1736 vestimentis
738 1674 891 1754 conjectis,
907 1673 964 1754 ipsi
986 1673 1099 1734 caetris

189 1755 384 1835 superpositis
404 1752 584 1814 incubantes
604 1754 716 1814 flumen
740 1764 909 1818 tranavere.
953 1754 1003 1824 Et,
1017 1753 1100 1814 alius

190 1837 342 1898 exercitus
375 1833 492 1894 ratibus
522 1834 639 1913 junctis
674 1837 828 1916 trajectus,
859 1837 966 1898 castris
1001 1857 1099 1917 prope

137 1923 176 1984 20
190 1917 304 1976 flumen
324 1915 437 1995 positis,
459 1917 607 1975 nocturno
628 1917 737 1976 itinere
757 1926 849 1996 atque
871 1919 970 1998 operis
991 1919 1100 1980 labore

190 2001 282 2058 lessus
298 1997 397 2076 quiete
412 1995 501 2055 unius
517 1995 577 2055 diei
591 1996 736 2070 reficitur,
749 1997 867 2060 intento
881 1999 959 2060 ducc
972 1999 1013 2061 ad
1028 2021 1099 2059 con-

188 2078 291 2140 silium
306 2086 474 2156 opportune
488 2077 723 2154 exsequendum.
765 2077 891 2140 Postero
902 2080 952 2140 die
967 2079 1099 2160 profecti

188 2179 229 2220 cx
242 2158 309 2218 loco
324 2157 405 2218 edito
419 2156 504 2218 fumo
518 2156 691 2234 significant
711 2160 854 2220 transisse
889 2180 918 2220 ac
951 2171 982 2223 et
1011 2161 1099 2224 baud

189 2239 296 2320 procul
317 2237 436 2309 abesse;
458 2235 539 2315 quod
561 2235 614 2296 ubi
635 2239 754 2318 accepit
775 2240 947 2314 Hannibal,
962 2261 1002 2302 ne
1022 2252 1099 2302 tem·

136 2326 175 2386 25
189 2321 257 2400 pori
290 2319 413 2391 deesset,
441 2317 496 2378 dat
528 2317 652 2396 signum
684 2319 724 2379 ad
753 2321 966 2407 traiciendum
1008 2321 1099 2396 ¹dam

189 2409 312 2482 paratas
332 2408 513 2478 aptatasque
533 2396 667 2459 habebat
687 2400 777 2479 pedes
797 2401 1019 2481 lintres,5eques
1034 2403 1100 2463 fere

188 2493 312 2564 propter
332 2499 423 2558 equos
444 2498 545 2540 naves.
587 2479 725 2541 Navium
749 2501 859 2562 agmen
881 2480 926 2542 ad*
942 2484 1099 2562 excipien-

190 2567 262 2623 dum
278 2559 398 2622 adversi
413 2559 560 2638 impetum
576 2559 710 2622 fluminis
725 2573 812 2640 parte
832 2563 986 2642 superiora
1000 2574 1099 2624 trans·

189 2644 320 2714 mittens,
336 2640 592 2720 tranquillitatem
616 2642 697 2702 infra
718 2643 929 2704 traicientibus
951 2643 1100 2705 lintribus

136 2729 176 2792 30
189 2722 363 2806 praebebat.
414 2721 574 2802 Equorum
603 2742 673 2801 pars
701 2743 814 2802 magna
841 2724 1051 2787 narratoris
1079 2745 1100 2786 a

189 2804 342 2886 puppibus
370 2803 580 2881 trahebaptur,
611 2812 730 2882 praeter
757 2823 815 2875 eos,
844 2811 918 2881 q'uos
953 2804 1100 2867 instratos

188 2889 391 2964 frenatosque,
406 2893 440 2942 ut
454 2883 608 2962 externplo
623 2904 740 2964 egresso
754 2884 787 2943 in
801 2883 902 2964 ripam
917 2885 1013 2964 equiti
1026 2885 1100 2946 usui

189 2976 295 3040 essent,
310 2967 506 3044 inposuerant
520 2964 553 3023 iu
567 2985 669 3024 naves
679 2989 713 3046 a}

151 3091 159 3105 .
229 3046 395 3108 XXVIII.
438 3045 524 3106 Galli
556 3043 717 3104 occursant
745 3045 778 3104 in
806 3043 874 3122 ripa
902 3065 972 3104 cum
1001 3045 1099 3106 variis

137 3136 174 3196 35
190 3128 359 3191 ululatibus
375 3134 527 3204 cantuque
542 3126 703 3197 moriseni,
720 3125 890 3203 quatientes
905 3135 992 3186 scuta
1006 3146 1101 3204 super

190 3212 292 3288 capita
314 3207 529 3282 vibrantesque
550 3205 684 3265 dexteris
705 3206 776 3278 tela,
798 3225 984 3283 quamquam
1006 3216 1099 3268 etex

190 3293 316 3352 adverso
332 3286 465 3348 terrebat
480 3294 566 3345 tanta
582 3285 626 3344 vis
646 3286 772 3346 navium
792 3305 861 3345 cnm
886 3286 1000 3364 irqouti
1022 3307 1100 3348 sono

190 3370 325 3431 fluminis
346 3376 376 3426 et
397 3366 529 3442 clamore
550 3365 635 3425 vario
657 3373 822 3424 nautarum
844 3367 1099 3445 rnitnnrnqua‘or

191 3451 244 3530 qui
265 3447 442 3508 nitebantur
463 3463 657 3524 perrumpere
678 3445 825 3524 impetum
848 3445 983 3506 fluminis
998 3455 1027 3508 et
1042 3445 1099 3526 qui

891 3539 921 3755 l
