<?xml version="1.0" encoding="UTF-8"?>
<!DOCTYPE html PUBLIC "-//W3C//DTD XHTML 1.0 Transitional//EN"
    "http://www.w3.org/TR/xhtml1/DTD/xhtml1-transitional.dtd">
<html xmlns="http://www.w3.org/1999/xhtml" xml:lang="en" lang="en">
 <head>
  <title>
</title>
<meta http-equiv="Content-Type" content="text/html;charset=utf-8" />
  <meta name='ocr-system' content='tesseract 3.04.00' />
  <meta name='ocr-capabilities' content='ocr_page ocr_carea ocr_par ocr_line ocrx_word'/>
</head>
<body>
  <div class='ocr_page' id='page_1' title='image "./historieslivybo01chasgoog_0020.png"; bbox 0 0 2520 3784; ppageno 0'>
   <div class='ocr_carea' id='block_1_1' title="bbox 82 621 519 660">
    <p class='ocr_par' dir='ltr' id='par_1_1' title="bbox 82 621 519 660">
     <span class='ocr_line' id='line_1_1' title="bbox 82 621 519 660; baseline 0.007 -4"><span class='ocrx_word' id='word_1_1' title='bbox 82 621 519 660; x_wconf 47' lang='lat' dir='ltr'>s-‘T-:m</span> 
     </span>
    </p>
   </div>
   <div class='ocr_carea' id='block_1_2' title="bbox 70 629 815 696">
    <p class='ocr_par' dir='ltr' id='par_1_2' title="bbox 70 629 815 696">
     <span class='ocr_line' id='line_1_2' title="bbox 643 629 815 649; baseline -0.006 -1"><span class='ocrx_word' id='word_1_2' title='bbox 643 629 774 649; x_wconf 68' lang='lat'>⁴-·--—-.</span> <span class='ocrx_word' id='word_1_3' title='bbox 805 635 815 647; x_wconf 84' lang='grc' dir='ltr'><strong><em>ι</em></strong></span> 
     </span>
     <span class='ocr_line' id='line_1_3' title="bbox 70 637 793 696; baseline -0.003 -12"><span class='ocrx_word' id='word_1_4' title='bbox 70 657 295 696; x_wconf 51' lang='lat' dir='ltr'>p‚,...—..-·-···“&#39;*</span> <span class='ocrx_word' id='word_1_5' title='bbox 776 637 793 682; x_wconf 71' lang='lat'><em>7</em></span> 
     </span>
    </p>
   </div>
   <div class='ocr_carea' id='block_1_3' title="bbox 406 685 782 886">
    <p class='ocr_par' dir='ltr' id='par_1_3' title="bbox 406 685 782 886">
     <span class='ocr_line' id='line_1_4' title="bbox 406 685 782 886; baseline -0.011 -66"><span class='ocrx_word' id='word_1_6' title='bbox 406 685 782 886; x_wconf 60' lang='lat' dir='ltr'>raramrpd.</span> 
     </span>
    </p>
   </div>
   <div class='ocr_carea' id='block_1_4' title="bbox 475 929 700 940">
    <p class='ocr_par' dir='ltr' id='par_1_4' title="bbox 475 929 700 940">
     <span class='ocr_line' id='line_1_5' title="bbox 475 929 700 940; baseline -0.009 0"><span class='ocrx_word' id='word_1_7' title='bbox 475 929 700 940; x_wconf 57' lang='lat' dir='ltr'>——n-1——n</span> 
     </span>
    </p>
   </div>
   <div class='ocr_carea' id='block_1_5' title="bbox 122 1042 1088 1690">
    <p class='ocr_par' dir='ltr' id='par_1_5' title="bbox 122 1042 1088 1690">
     <span class='ocr_line' id='line_1_6' title="bbox 186 1042 1033 1130; baseline -0.008 -19"><span class='ocrx_word' id='word_1_8' title='bbox 186 1048 453 1111; x_wconf 79' lang='lat' dir='ltr'><strong>ACTURUSNE</strong></span> <span class='ocrx_word' id='word_1_9' title='bbox 463 1069 572 1130; x_wconf 80' lang='lat' dir='ltr'>operae</span> <span class='ocrx_word' id='word_1_10' title='bbox 582 1049 714 1129; x_wconf 89' lang='lat' dir='ltr'>pretium</span> <span class='ocrx_word' id='word_1_11' title='bbox 723 1048 790 1119; x_wconf 88' lang='lat' dir='ltr'>sim,</span> <span class='ocrx_word' id='word_1_12' title='bbox 801 1046 826 1107; x_wconf 84' lang='lat' dir='ltr'>si</span> <span class='ocrx_word' id='word_1_13' title='bbox 837 1067 857 1106; x_wconf 86' lang='lat' dir='ltr'>a</span> <span class='ocrx_word' id='word_1_14' title='bbox 866 1042 1033 1126; x_wconf 89' lang='lat' dir='ltr'>primordio</span> 
     </span>
     <span class='ocr_line' id='line_1_7' title="bbox 206 1157 1033 1244; baseline -0.005 -22"><span class='ocrx_word' id='word_1_15' title='bbox 206 1163 291 1223; x_wconf 92' lang='lat' dir='ltr'>urbis</span> <span class='ocrx_word' id='word_1_16' title='bbox 305 1185 352 1224; x_wconf 91' lang='lat' dir='ltr'>res</span> <span class='ocrx_word' id='word_1_17' title='bbox 366 1163 472 1244; x_wconf 88' lang='lat' dir='ltr'>popuii</span> <span class='ocrx_word' id='word_1_18' title='bbox 488 1163 621 1224; x_wconf 88' lang='lat' dir='ltr'>Romani</span> <span class='ocrx_word' id='word_1_19' title='bbox 634 1161 870 1242; x_wconf 82' lang='lat' dir='ltr'>perscripserim,</span> <span class='ocrx_word' id='word_1_20' title='bbox 884 1179 939 1220; x_wconf 93' lang='lat' dir='ltr'>nec</span> <span class='ocrx_word' id='word_1_21' title='bbox 959 1157 1033 1218; x_wconf 85' lang='lat' dir='ltr'>satis</span> 
     </span>
     <span class='ocr_line' id='line_1_8' title="bbox 123 1273 1033 1355; baseline -0.004 -19"><span class='ocrx_word' id='word_1_22' title='bbox 123 1277 194 1350; x_wconf 90' lang='lat' dir='ltr'>scio,</span> <span class='ocrx_word' id='word_1_23' title='bbox 209 1298 275 1350; x_wconf 90' lang='lat' dir='ltr'>nec,</span> <span class='ocrx_word' id='word_1_24' title='bbox 290 1279 316 1337; x_wconf 87' lang='lat' dir='ltr'>si</span> <span class='ocrx_word' id='word_1_25' title='bbox 330 1278 434 1350; x_wconf 86' lang='lat' dir='ltr'>sciam,</span> <span class='ocrx_word' id='word_1_26' title='bbox 446 1277 546 1338; x_wconf 86' lang='lat' dir='ltr'>dicere</span> <span class='ocrx_word' id='word_1_27' title='bbox 560 1276 666 1350; x_wconf 88' lang='lat' dir='ltr'>ausim,</span> <span class='ocrx_word' id='word_1_28' title='bbox 678 1276 792 1355; x_wconf 88' lang='lat' dir='ltr'>quippe</span> <span class='ocrx_word' id='word_1_29' title='bbox 805 1273 858 1354; x_wconf 90' lang='lat' dir='ltr'>qui</span> <span class='ocrx_word' id='word_1_30' title='bbox 873 1293 942 1334; x_wconf 89' lang='lat' dir='ltr'>curu</span> <span class='ocrx_word' id='word_1_31' title='bbox 953 1281 1033 1334; x_wconf 83' lang='lat' dir='ltr'>vete·</span> 
     </span>
     <span class='ocr_line' id='line_1_9' title="bbox 123 1386 1033 1470; baseline -0.004 -21"><span class='ocrx_word' id='word_1_32' title='bbox 123 1410 185 1450; x_wconf 92' lang='lat' dir='ltr'>rem</span> <span class='ocrx_word' id='word_1_33' title='bbox 209 1399 276 1450; x_wconf 90' lang='lat' dir='ltr'>tum</span> <span class='ocrx_word' id='word_1_34' title='bbox 292 1392 451 1470; x_wconf 81' lang='lat' dir='ltr'><strong>vulgatam</strong></span> <span class='ocrx_word' id='word_1_35' title='bbox 475 1411 537 1451; x_wconf 90' lang='lat' dir='ltr'>esse</span> <span class='ocrx_word' id='word_1_36' title='bbox 560 1411 624 1450; x_wconf 90' lang='lat' dir='ltr'>rem</span> <span class='ocrx_word' id='word_1_37' title='bbox 638 1389 769 1462; x_wconf 88' lang='lat' dir='ltr'>videam,</span> <span class='ocrx_word' id='word_1_38' title='bbox 784 1387 858 1448; x_wconf 91' lang='lat' dir='ltr'>dum</span> <span class='ocrx_word' id='word_1_39' title='bbox 872 1386 944 1446; x_wconf 88' lang='lat' dir='ltr'>novi</span> <span class='ocrx_word' id='word_1_40' title='bbox 959 1405 1033 1446; x_wconf 88' lang='lat' dir='ltr'>sem-</span> 
     </span>
     <span class='ocr_line' id='line_1_10' title="bbox 122 1495 1088 1582; baseline -0.002 -22"><span class='ocrx_word' id='word_1_41' title='bbox 122 1522 177 1580; x_wconf 94' lang='lat' dir='ltr'>per</span> <span class='ocrx_word' id='word_1_42' title='bbox 190 1503 353 1582; x_wconf 79' lang='lat' dir='ltr'>scriptores</span> <span class='ocrx_word' id='word_1_43' title='bbox 367 1503 467 1563; x_wconf 90' lang='lat' dir='ltr'>autin</span> <span class='ocrx_word' id='word_1_44' title='bbox 482 1501 572 1562; x_wconf 85' lang='lat' dir='ltr'>rebus</span> <span class='ocrx_word' id='word_1_45' title='bbox 587 1501 697 1562; x_wconf 89' lang='lat' dir='ltr'>certius</span> <span class='ocrx_word' id='word_1_46' title='bbox 711 1499 828 1579; x_wconf 88' lang='lat' dir='ltr'>aliquid</span> <span class='ocrx_word' id='word_1_47' title='bbox 842 1498 989 1559; x_wconf 85' lang='lat' dir='ltr'>allaturos</span> <span class='ocrx_word' id='word_1_48' title='bbox 1002 1517 1034 1558; x_wconf 84' lang='lat' dir='ltr'>se</span> <span class='ocrx_word' id='word_1_49' title='bbox 1068 1495 1088 1558; x_wconf 83' lang='grc'><strong>5</strong></span> 
     </span>
     <span class='ocr_line' id='line_1_11' title="bbox 123 1611 1035 1690; baseline -0.002 -20"><span class='ocrx_word' id='word_1_50' title='bbox 123 1621 177 1671; x_wconf 89' lang='lat' dir='ltr'>aut</span> <span class='ocrx_word' id='word_1_51' title='bbox 190 1611 345 1672; x_wconf 86' lang='lat' dir='ltr'>scribendi</span> <span class='ocrx_word' id='word_1_52' title='bbox 359 1621 425 1672; x_wconf 86' lang='lat' dir='ltr'>arte</span> <span class='ocrx_word' id='word_1_53' title='bbox 441 1611 548 1671; x_wconf 89' lang='lat' dir='ltr'>rudem</span> <span class='ocrx_word' id='word_1_54' title='bbox 562 1620 744 1673; x_wconf 81' lang='lat' dir='ltr'>vetustatem</span> <span class='ocrx_word' id='word_1_55' title='bbox 766 1618 959 1690; x_wconf 84' lang='lat' dir='ltr'>superaturos</span> <span class='ocrx_word' id='word_1_56' title='bbox 972 1623 1035 1668; x_wconf 84' lang='lat' dir='ltr'>&#39;cre-</span> 
     </span>
    </p>
   </div>
   <div class='ocr_carea' id='block_1_6' title="bbox 123 1725 1034 1918">
    <p class='ocr_par' dir='ltr' id='par_1_6' title="bbox 123 1725 1034 1918">
     <span class='ocr_line' id='line_1_12' title="bbox 123 1725 1032 1806; baseline -0.003 -22"><span class='ocrx_word' id='word_1_57' title='bbox 123 1725 210 1786; x_wconf 88' lang='lat' dir='ltr'>dunt.</span> <span class='ocrx_word' id='word_1_58' title='bbox 253 1725 429 1805; x_wconf 85' lang='lat' dir='ltr'>Utcumque</span> <span class='ocrx_word' id='word_1_59' title='bbox 440 1726 506 1799; x_wconf 89' lang='lat' dir='ltr'>erit,</span> <span class='ocrx_word' id='word_1_60' title='bbox 517 1725 641 1806; x_wconf 85' lang='lat' dir='ltr'>juvabit</span> <span class='ocrx_word' id='word_1_61' title='bbox 654 1734 756 1785; x_wconf 89' lang='lat' dir='ltr'>tamen</span> <span class='ocrx_word' id='word_1_62' title='bbox 764 1743 868 1784; x_wconf 89' lang='lat' dir='ltr'>rerum</span> <span class='ocrx_word' id='word_1_63' title='bbox 880 1730 1032 1802; x_wconf 89' lang='lat' dir='ltr'>gestarum</span> 
     </span>
     <span class='ocr_line' id='line_1_13' title="bbox 124 1836 1034 1918; baseline 0 -21"><span class='ocrx_word' id='word_1_64' title='bbox 124 1839 289 1899; x_wconf 87' lang='lat' dir='ltr'>memoriae</span> <span class='ocrx_word' id='word_1_65' title='bbox 304 1839 450 1918; x_wconf 90' lang='lat' dir='ltr'>principis</span> <span class='ocrx_word' id='word_1_66' title='bbox 461 1848 613 1899; x_wconf 88' lang='lat' dir='ltr'>terrarum</span> <span class='ocrx_word' id='word_1_67' title='bbox 624 1837 730 1918; x_wconf 90' lang='lat' dir='ltr'>popuii</span> <span class='ocrx_word' id='word_1_68' title='bbox 744 1858 800 1918; x_wconf 92' lang='lat' dir='ltr'>pro</span> <span class='ocrx_word' id='word_1_69' title='bbox 810 1836 895 1899; x_wconf 84' lang='lat' dir='ltr'>virili</span> <span class='ocrx_word' id='word_1_70' title='bbox 906 1845 992 1917; x_wconf 81' lang='lat' dir='ltr'>parte</span> <span class='ocrx_word' id='word_1_71' title='bbox 1003 1849 1034 1897; x_wconf 89' lang='lat' dir='ltr'>et</span> 
     </span>
    </p>
   </div>
   <div class='ocr_carea' id='block_1_7' title="bbox 124 1949 1034 2055">
    <p class='ocr_par' dir='ltr' id='par_1_7' title="bbox 124 1949 1034 2055">
     <span class='ocr_line' id='line_1_14' title="bbox 124 1949 1034 2055; baseline 0 -45"><span class='ocrx_word' id='word_1_72' title='bbox 124 1951 224 2030; x_wconf 90' lang='lat' dir='ltr'>ipsum</span> <span class='ocrx_word' id='word_1_73' title='bbox 236 1951 421 2011; x_wconf 85' lang='lat' dir='ltr'>cousuluisse</span> <span class='ocrx_word' id='word_1_74' title='bbox 428 1974 435 2024; x_wconf 91' lang='lat'>;</span> <span class='ocrx_word' id='word_1_75' title='bbox 450 1959 480 2012; x_wconf 90' lang='lat' dir='ltr'>et</span> <span class='ocrx_word' id='word_1_76' title='bbox 490 1951 516 2011; x_wconf 90' lang='lat' dir='ltr'>si</span> <span class='ocrx_word' id='word_1_77' title='bbox 527 1951 559 2010; x_wconf 88' lang='lat' dir='ltr'>in</span> <span class='ocrx_word' id='word_1_78' title='bbox 571 1959 657 2012; x_wconf 84' lang='lat' dir='ltr'>tanta</span> <span class='ocrx_word' id='word_1_79' title='bbox 666 1951 848 2055; x_wconf 74' lang='lat' dir='ltr'>scriptorum</span> <span class='ocrx_word' id='word_1_80' title='bbox 860 1949 951 2010; x_wconf 87' lang='lat' dir='ltr'>turba</span> <span class='ocrx_word' id='word_1_81' title='bbox 966 1969 1034 2010; x_wconf 84' lang='lat' dir='ltr'>mea</span> 
     </span>
    </p>
   </div>
   <div class='ocr_carea' id='block_1_8' title="bbox 19 2064 1087 3285">
    <p class='ocr_par' dir='ltr' id='par_1_8' title="bbox 124 2064 1087 2488">
     <span class='ocr_line' id='line_1_15' title="bbox 124 2064 1087 2144; baseline 0.002 -20"><span class='ocrx_word' id='word_1_82' title='bbox 124 2065 206 2125; x_wconf 84' lang='lat' dir='ltr'>fama</span> <span class='ocrx_word' id='word_1_83' title='bbox 222 2067 254 2124; x_wconf 91' lang='lat' dir='ltr'>in</span> <span class='ocrx_word' id='word_1_84' title='bbox 270 2065 395 2127; x_wconf 89' lang='lat' dir='ltr'>obscuro</span> <span class='ocrx_word' id='word_1_85' title='bbox 416 2067 465 2140; x_wconf 87' lang='lat' dir='ltr'>sit,</span> <span class='ocrx_word' id='word_1_86' title='bbox 480 2065 640 2126; x_wconf 89' lang='lat' dir='ltr'>nobilitate</span> <span class='ocrx_word' id='word_1_87' title='bbox 654 2085 690 2126; x_wconf 87' lang='lat' dir='ltr'>ac</span> <span class='ocrx_word' id='word_1_88' title='bbox 704 2065 915 2144; x_wconf 88' lang='lat' dir='ltr'>magnitudine</span> <span class='ocrx_word' id='word_1_89' title='bbox 929 2085 1032 2125; x_wconf 89' lang='lat' dir='ltr'>eorum</span> <span class='ocrx_word' id='word_1_90' title='bbox 1049 2064 1087 2126; x_wconf 91' lang='lat'>10</span> 
     </span>
     <span class='ocr_line' id='line_1_16' title="bbox 124 2178 1033 2260; baseline 0.002 -22"><span class='ocrx_word' id='word_1_91' title='bbox 124 2199 180 2252; x_wconf 89' lang='lat' dir='ltr'>me,</span> <span class='ocrx_word' id='word_1_92' title='bbox 192 2180 246 2258; x_wconf 91' lang='lat' dir='ltr'>qui</span> <span class='ocrx_word' id='word_1_93' title='bbox 261 2180 378 2240; x_wconf 91' lang='lat' dir='ltr'>nomini</span> <span class='ocrx_word' id='word_1_94' title='bbox 394 2180 525 2241; x_wconf 92' lang='lat' dir='ltr'>officient</span> <span class='ocrx_word' id='word_1_95' title='bbox 539 2201 614 2254; x_wconf 91' lang='lat' dir='ltr'>meo,</span> <span class='ocrx_word' id='word_1_96' title='bbox 630 2179 775 2241; x_wconf 86' lang='lat' dir='ltr'>consoler.</span> <span class='ocrx_word' id='word_1_97' title='bbox 816 2178 877 2240; x_wconf 75' lang='lat' dir='ltr'>Ros</span> <span class='ocrx_word' id='word_1_98' title='bbox 891 2189 936 2240; x_wconf 90' lang='lat' dir='ltr'>est</span> <span class='ocrx_word' id='word_1_99' title='bbox 948 2199 1033 2260; x_wconf 86' lang='lat' dir='ltr'>prae-</span> 
     </span>
     <span class='ocr_line' id='line_1_17' title="bbox 125 2291 1049 2375; baseline 0.003 -24"><span class='ocrx_word' id='word_1_100' title='bbox 125 2300 207 2352; x_wconf 87' lang='lat' dir='ltr'>terea</span> <span class='ocrx_word' id='word_1_101' title='bbox 227 2302 258 2353; x_wconf 87' lang='lat' dir='ltr'>et</span> <span class='ocrx_word' id='word_1_102' title='bbox 280 2292 406 2353; x_wconf 88' lang='lat' dir='ltr'>inmensi</span> <span class='ocrx_word' id='word_1_103' title='bbox 428 2294 535 2374; x_wconf 88' lang='lat' dir='ltr'>operis,</span> <span class='ocrx_word' id='word_1_104' title='bbox 551 2303 584 2355; x_wconf 91' lang='lat' dir='ltr'>ut</span> <span class='ocrx_word' id='word_1_105' title='bbox 599 2315 677 2374; x_wconf 85' lang='lat' dir='ltr'>quae</span> <span class='ocrx_word' id='word_1_106' title='bbox 695 2315 787 2374; x_wconf 92' lang='lat' dir='ltr'>supra</span> <span class='ocrx_word' id='word_1_107' title='bbox 808 2291 1049 2375; x_wconf 80' lang='lat' dir='ltr'>septingentesi-¹</span> 
     </span>
     <span class='ocr_line' id='line_1_18' title="bbox 125 2407 1032 2488; baseline 0.009 -26"><span class='ocrx_word' id='word_1_108' title='bbox 125 2425 207 2464; x_wconf 91' lang='lat' dir='ltr'>mum</span> <span class='ocrx_word' id='word_1_109' title='bbox 229 2426 345 2466; x_wconf 90' lang='lat' dir='ltr'>anuum</span> <span class='ocrx_word' id='word_1_110' title='bbox 368 2415 530 2486; x_wconf 85' lang='lat' dir='ltr'>repetatur,</span> <span class='ocrx_word' id='word_1_111' title='bbox 546 2416 575 2468; x_wconf 88' lang='lat' dir='ltr'>et</span> <span class='ocrx_word' id='word_1_112' title='bbox 600 2428 678 2486; x_wconf 90' lang='lat' dir='ltr'>quae</span> <span class='ocrx_word' id='word_1_113' title='bbox 702 2407 741 2468; x_wconf 87' lang='lat' dir='ltr'>ab</span> <span class='ocrx_word' id='word_1_114' title='bbox 762 2407 881 2488; x_wconf 88' lang='lat' dir='ltr'>exiguis</span> <span class='ocrx_word' id='word_1_115' title='bbox 896 2407 1032 2487; x_wconf 78' lang='lat' dir='ltr'>profecta</span> 
     </span>
    </p>

    <p class='ocr_par' dir='ltr' id='par_1_9' title="bbox 19 2517 1085 3285">
     <span class='ocr_line' id='line_1_19' title="bbox 19 2517 1034 2601; baseline 0.006 -24"><span class='ocrx_word' id='word_1_116' title='bbox 19 2517 20 2520; x_wconf 65' lang='grc'>’</span> <span class='ocrx_word' id='word_1_117' title='bbox 127 2519 220 2579; x_wconf 89' lang='lat' dir='ltr'>initiis</span> <span class='ocrx_word' id='word_1_118' title='bbox 242 2541 277 2579; x_wconf 94' lang='lat' dir='ltr'>eo</span> <span class='ocrx_word' id='word_1_119' title='bbox 300 2521 437 2594; x_wconf 85' lang='lat' dir='ltr'>creverit,</span> <span class='ocrx_word' id='word_1_120' title='bbox 460 2530 495 2581; x_wconf 94' lang='lat' dir='ltr'>ut</span> <span class='ocrx_word' id='word_1_121' title='bbox 509 2521 575 2600; x_wconf 88' lang='lat' dir='ltr'>jam</span> <span class='ocrx_word' id='word_1_122' title='bbox 588 2521 810 2601; x_wconf 77' lang='lat' dir='ltr'>magnitudine</span> <span class='ocrx_word' id='word_1_123' title='bbox 830 2521 947 2582; x_wconf 88' lang='lat' dir='ltr'>laboret</span> <span class='ocrx_word' id='word_1_124' title='bbox 963 2542 1034 2592; x_wconf 82' lang='lat' dir='ltr'>sua3</span> 
     </span>
     <span class='ocr_line' id='line_1_20' title="bbox 128 2631 1085 2714; baseline 0.004 -24"><span class='ocrx_word' id='word_1_125' title='bbox 128 2637 157 2690; x_wconf 90' lang='lat' dir='ltr'>et</span> <span class='ocrx_word' id='word_1_126' title='bbox 192 2631 360 2710; x_wconf 87' lang='lat' dir='ltr'>legentium</span> <span class='ocrx_word' id='word_1_127' title='bbox 387 2632 538 2712; x_wconf 87' lang='lat' dir='ltr'>plerisque</span> <span class='ocrx_word' id='word_1_128' title='bbox 566 2632 649 2692; x_wconf 88' lang='lat' dir='ltr'>haud</span> <span class='ocrx_word' id='word_1_129' title='bbox 679 2633 785 2694; x_wconf 92' lang='lat' dir='ltr'>dubito</span> <span class='ocrx_word' id='word_1_130' title='bbox 813 2635 887 2714; x_wconf 90' lang='lat' dir='ltr'>quin</span> <span class='ocrx_word' id='word_1_131' title='bbox 915 2634 1030 2714; x_wconf 90' lang='lat' dir='ltr'>primae</span> <span class='ocrx_word' id='word_1_132' title='bbox 1047 2634 1085 2694; x_wconf 88' lang='lat'>15</span> 
     </span>
     <span class='ocr_line' id='line_1_21' title="bbox 129 2744 1032 2828; baseline 0.006 -25"><span class='ocrx_word' id='word_1_133' title='bbox 129 2744 256 2824; x_wconf 75' lang='lat' dir='ltr'>origines</span> <span class='ocrx_word' id='word_1_134' title='bbox 290 2746 490 2826; x_wconf 84' lang='lat' dir='ltr'>proximaque</span> <span class='ocrx_word' id='word_1_135' title='bbox 524 2747 690 2826; x_wconf 86' lang='lat' dir='ltr'>originibus</span> <span class='ocrx_word' id='word_1_136' title='bbox 721 2748 820 2808; x_wconf 86' lang='lat' dir='ltr'>minus</span> <span class='ocrx_word' id='word_1_137' title='bbox 855 2747 1032 2828; x_wconf 86' lang='lat' dir='ltr'>praebitura</span> 
     </span>
     <span class='ocr_line' id='line_1_22' title="bbox 127 2857 1030 2943; baseline 0.006 -25"><span class='ocrx_word' id='word_1_138' title='bbox 127 2857 291 2938; x_wconf 84' lang='lat' dir='ltr'>voluptatis</span> <span class='ocrx_word' id='word_1_139' title='bbox 305 2859 375 2932; x_wconf 85' lang='lat' dir='ltr'>sint,</span> <span class='ocrx_word' id='word_1_140' title='bbox 385 2859 598 2922; x_wconf 88' lang='lat' dir='ltr'>festinantibus</span> <span class='ocrx_word' id='word_1_141' title='bbox 609 2861 648 2921; x_wconf 89' lang='lat' dir='ltr'>ad</span> <span class='ocrx_word' id='word_1_142' title='bbox 660 2862 736 2922; x_wconf 88' lang='lat' dir='ltr'>haec</span> <span class='ocrx_word' id='word_1_143' title='bbox 746 2883 835 2935; x_wconf 84' lang='lat' dir='ltr'>nova,</span> <span class='ocrx_word' id='word_1_144' title='bbox 845 2862 954 2942; x_wconf 89' lang='lat' dir='ltr'>quibus</span> <span class='ocrx_word' id='word_1_145' title='bbox 964 2864 1030 2943; x_wconf 88' lang='lat' dir='ltr'>jam</span> 
     </span>
     <span class='ocr_line' id='line_1_23' title="bbox 128 2971 1029 3056; baseline 0.009 -26"><span class='ocrx_word' id='word_1_146' title='bbox 128 2971 242 3050; x_wconf 86' lang='lat' dir='ltr'>pridem</span> <span class='ocrx_word' id='word_1_147' title='bbox 259 2973 466 3051; x_wconf 85' lang='lat' dir='ltr'>praevalentis</span> <span class='ocrx_word' id='word_1_148' title='bbox 487 2975 594 3055; x_wconf 92' lang='lat' dir='ltr'>populi</span> <span class='ocrx_word' id='word_1_149' title='bbox 609 2977 687 3037; x_wconf 88' lang='lat' dir='ltr'>vires</span> <span class='ocrx_word' id='word_1_150' title='bbox 708 2997 740 3036; x_wconf 91' lang='lat' dir='ltr'>se</span> <span class='ocrx_word' id='word_1_151' title='bbox 760 2977 843 3056; x_wconf 87' lang='lat' dir='ltr'>ipsae</span> <span class='ocrx_word' id='word_1_152' title='bbox 857 2977 1029 3038; x_wconf 87' lang='lat' dir='ltr'>conficiunt.</span> 
     </span>
     <span class='ocr_line' id='line_1_24' title="bbox 130 3085 1031 3172; baseline 0.009 -28"><span class='ocrx_word' id='word_1_153' title='bbox 130 3085 192 3164; x_wconf 85' lang='lat' dir='ltr'>Ego</span> <span class='ocrx_word' id='word_1_154' title='bbox 213 3094 320 3146; x_wconf 89' lang='lat' dir='ltr'>contra</span> <span class='ocrx_word' id='word_1_155' title='bbox 341 3087 398 3148; x_wconf 92' lang='lat' dir='ltr'>hoc</span> <span class='ocrx_word' id='word_1_156' title='bbox 420 3109 538 3168; x_wconf 86' lang='lat' dir='ltr'>quoque</span> <span class='ocrx_word' id='word_1_157' title='bbox 559 3089 672 3150; x_wconf 87' lang='lat' dir='ltr'>laboris</span> <span class='ocrx_word' id='word_1_158' title='bbox 687 3091 855 3170; x_wconf 84' lang='lat' dir='ltr'>praemium</span> <span class='ocrx_word' id='word_1_159' title='bbox 870 3101 981 3172; x_wconf 87' lang='lat' dir='ltr'>petam,</span> <span class='ocrx_word' id='word_1_160' title='bbox 996 3101 1031 3152; x_wconf 92' lang='lat' dir='ltr'>ut</span> 
     </span>
     <span class='ocr_line' id='line_1_25' title="bbox 129 3202 1085 3285; baseline 0.008 -27"><span class='ocrx_word' id='word_1_161' title='bbox 129 3220 204 3260; x_wconf 89' lang='lat' dir='ltr'>mea</span> <span class='ocrx_word' id='word_1_162' title='bbox 219 3210 380 3280; x_wconf 84' lang='lat' dir='ltr'>conspectu</span> <span class='ocrx_word' id='word_1_163' title='bbox 401 3202 561 3276; x_wconf 88' lang='lat' dir='ltr'>malorum,</span> <span class='ocrx_word' id='word_1_164' title='bbox 576 3225 654 3282; x_wconf 90' lang='lat' dir='ltr'>quae</span> <span class='ocrx_word' id='word_1_165' title='bbox 674 3213 777 3266; x_wconf 87' lang='lat' dir='ltr'>nostra</span> <span class='ocrx_word' id='word_1_166' title='bbox 797 3214 843 3266; x_wconf 88' lang='lat' dir='ltr'>tot</span> <span class='ocrx_word' id='word_1_167' title='bbox 862 3226 917 3285; x_wconf 89' lang='lat' dir='ltr'>per</span> <span class='ocrx_word' id='word_1_168' title='bbox 936 3226 1031 3266; x_wconf 87' lang='lat' dir='ltr'>annos</span> <span class='ocrx_word' id='word_1_169' title='bbox 1046 3206 1085 3266; x_wconf 83' lang='lat'>20</span> 
     </span>
    </p>
   </div>
   <div class='ocr_carea' id='block_1_9' title="bbox 129 3313 1032 3396">
    <p class='ocr_par' dir='ltr' id='par_1_10' title="bbox 129 3313 1032 3396">
     <span class='ocr_line' id='line_1_26' title="bbox 129 3313 1032 3396; baseline 0.001 -21"><span class='ocrx_word' id='word_1_170' title='bbox 129 3313 202 3375; x_wconf 86' lang='lat' dir='ltr'>vidit</span> <span class='ocrx_word' id='word_1_171' title='bbox 216 3322 308 3386; x_wconf 88' lang='lat' dir='ltr'>aetas,</span> <span class='ocrx_word' id='word_1_172' title='bbox 320 3315 467 3396; x_wconf 88' lang='lat' dir='ltr'>tantisper</span> <span class='ocrx_word' id='word_1_173' title='bbox 482 3326 570 3389; x_wconf 91' lang='lat' dir='ltr'>certe,</span> <span class='ocrx_word' id='word_1_174' title='bbox 583 3317 656 3376; x_wconf 91' lang='lat' dir='ltr'>dum</span> <span class='ocrx_word' id='word_1_175' title='bbox 670 3318 771 3396; x_wconf 87' lang='lat' dir='ltr'>prisca</span> <span class='ocrx_word' id='word_1_176' title='bbox 784 3317 839 3376; x_wconf 89' lang='lat' dir='ltr'>illa</span> <span class='ocrx_word' id='word_1_177' title='bbox 853 3327 917 3376; x_wconf 86' lang='lat' dir='ltr'>tota</span> <span class='ocrx_word' id='word_1_178' title='bbox 931 3326 1032 3376; x_wconf 85' lang='lat' dir='ltr'>mente</span> 
     </span>
    </p>
   </div>
   <div class='ocr_carea' id='block_1_10' title="bbox 130 3423 1032 3556">
    <p class='ocr_par' dir='ltr' id='par_1_11' title="bbox 130 3423 1032 3556">
     <span class='ocr_line' id='line_1_27' title="bbox 130 3423 1032 3503; baseline -0.003 -21"><span class='ocrx_word' id='word_1_179' title='bbox 130 3432 236 3502; x_wconf 86' lang='lat' dir='ltr'>repeto,</span> <span class='ocrx_word' id='word_1_180' title='bbox 258 3433 404 3496; x_wconf 77' lang='lat' dir='ltr'>avertero,</span> <span class='ocrx_word' id='word_1_181' title='bbox 419 3426 517 3485; x_wconf 88' lang='lat' dir='ltr'>omnis</span> <span class='ocrx_word' id='word_1_182' title='bbox 537 3446 764 3503; x_wconf 77' lang='lat' dir='ltr'>experscurae,</span> <span class='ocrx_word' id='word_1_183' title='bbox 779 3441 857 3501; x_wconf 81' lang='lat' dir='ltr'>quae</span> <span class='ocrx_word' id='word_1_184' title='bbox 876 3423 1032 3481; x_wconf 83' lang='lat' dir='ltr'>scribentis</span> 
     </span>
     <span class='ocr_line' id='line_1_28' title="bbox 956 3511 988 3556; baseline 0.031 -1"><span class='ocrx_word' id='word_1_185' title='bbox 956 3511 988 3556; x_wconf 75' lang='lat'>13</span> 
     </span>
    </p>
   </div>
   <div class='ocr_carea' id='block_1_11' title="bbox 0 0 1274 3784">
    <p class='ocr_par' dir='ltr' id='par_1_12' title="bbox 0 0 1274 3784">
     <span class='ocr_line' id='line_1_29' title="bbox 0 0 1274 3784; baseline 0 0"><span class='ocrx_word' id='word_1_186' title='bbox 0 0 1274 3784; x_wconf 95' lang='lat' dir='ltr'> </span> 
     </span>
    </p>
   </div>
  </div>
 </body>
</html>
