2562 3788
393 245 545 317 'urana
571 270 686 337 xxrr,
715 255 845 318 60-61.
1064 253 1128 316 205

171 429 278 491 sciant.
321 427 501 488 Maluerunt
514 428 546 486 in
561 428 698 488 tentoriis
719 428 848 488 latentes
869 426 960 487 simul
975 426 1075 488 lucem

91 539 93 542 ·
172 521 265 589 atque
289 510 406 570 hostem
430 516 600 586 expectare,
625 529 693 568 cum
718 507 840 568 silentio
860 509 957 568 noctis
978 528 1075 568 erum-

172 590 265 669 pendi
293 589 407 649 occasio
436 598 518 649 esset.
569 589 611 647 At
633 588 672 648 ad
689 587 907 666 erumpendum
930 607 946 645 e
973 585 1077 646 castris

173 669 271 729 defuit
298 669 425 740 animus,
447 669 486 729 ad
513 667 643 729 tutanda
671 668 789 728 fortiter
816 676 914 727 castra
941 665 1078 725 animum

175 746 365 819 habuerunt;
397 746 461 806 dies
489 755 650 824 noctesque
678 745 794 824 aliquot
820 745 931 806 obsessi
959 746 1076 806 vallum
1111 747 1130 808 5

175 828 276 899 armis,
290 848 322 888 se
342 827 399 906 ipsi
421 826 513 887 tutati
529 825 611 886 vallo
633 836 704 886 sunt
714 847 721 898 ;
744 826 866 886 tandem
883 825 992 886 ultima
1010 825 1076 887 ausi

175 908 323 987 passique,
346 928 415 968 cum
436 907 538 967 omnia
559 905 695 966 subsidia
715 907 798 966 vitae
822 905 957 966 deessent
978 907 1076 967 adfec-

174 989 273 1066 tisque
297 989 377 1048 fame
398 987 514 1049 viribus
539 1007 625 1046 arma
645 987 709 1064 jain
735 986 883 1047 sustinere
906 987 1075 1064 nequirent,

173 1069 402 1144 necessitatibus
417 1069 512 1147 magis
527 1068 669 1127 humanis
685 1087 775 1145 quam
793 1067 885 1126 armis
900 1068 974 1127 victi
995 1078 1075 1128 sunt.

173 1147 251 1210 Orto
267 1149 329 1209 sole
344 1149 437 1209 hostis
457 1149 498 1209 ad
512 1147 631 1210 vallum
654 1147 796 1219 accessit;
819 1157 891 1206 ante
911 1148 1076 1207 secundam
1092 1147 1132 1210 10

173 1229 289 1302 horam,
305 1229 423 1289 nullam
436 1229 592 1290 fortunam
610 1227 784 1288 certaminis
802 1227 929 1306 experti,
945 1228 1077 1288 tradide-

174 1316 247 1364 runt
274 1325 360 1366 arma
388 1326 423 1366 ac
456 1326 488 1366 se
511 1307 598 1386 ipsos.
640 1306 727 1366 Haec
753 1304 839 1366 vobis
866 1306 991 1366 istorum
1025 1327 1078 1386 per

172 1385 301 1445 biduum
315 1385 426 1447 militia
440 1386 508 1447 fuit.
550 1386 628 1446 Cum
648 1388 683 1446 io
703 1385 766 1446 acie
786 1395 865 1446 stare
886 1407 921 1446 ac
942 1405 1078 1466 pugnare

172 1464 325 1536 decuerat,
345 1474 409 1525 tum
432 1466 464 1525 in
486 1475 585 1526 eastra
607 1465 803 1545 refugerunt3
825 1485 894 1526 cum
916 1485 971 1544 pro
993 1467 1076 1527 vallo

172 1545 374 1623 pugnandum
397 1554 471 1618 erat,
493 1556 592 1607 castra
612 1547 815 1619 tradiderunt,
838 1567 936 1625 neque
957 1546 990 1606 in
1011 1547 1076 1607 acie
1091 1549 1129 1610 15

172 1645 270 1703 neque
299 1625 330 1684 in
358 1627 464 1686 castris
491 1627 590 1688 utiles.
633 1627 676 1688 Et
704 1649 757 1688 vos
786 1627 956 1687 redimam?
997 1625 1074 1688 Cum

171 1721 329 1781 erumpere
350 1723 364 1762 e
385 1704 489 1763 castris
509 1711 635 1783 oportet,
657 1705 841 1766 cunctamini
869 1725 904 1764 ac
932 1706 1075 1777 manetis;

171 1802 242 1842 cum
270 1802 391 1844 manere
418 1792 448 1843 et
475 1795 573 1844 castra
600 1785 695 1844 tutari
716 1785 808 1844 armis
835 1804 953 1845 necesse
973 1794 1025 1858 est,
1046 1795 1076 1846 et

172 1866 273 1915 castra
287 1867 317 1917 et
331 1879 417 1920 arma
433 1869 463 1920 et
477 1882 530 1922 vos
550 1863 630 1941 ipsos
651 1863 772 1924 traditis
794 1863 882 1924 hosti.
925 1863 993 1942 Ego
1014 1885 1075 1926 non

173 1936 269 2014 magis
298 1939 369 1998 istos
397 1941 594 2014 redimendos,
624 1954 724 2022 patres
757 1945 929 2024 conscripti,
960 1965 1074 2020 censeo,
1091 1943 1130 2006 20

171 2035 264 2094 quam
279 2017 347 2078 illos
362 2019 513 2082 dedendos
524 2022 707 2096 Hannibali,
719 2025 770 2102 qui
786 2044 840 2102 per
854 2025 968 2086 medios
983 2026 1076 2087 hostis

171 2116 189 2155 e
209 2099 315 2158 castris
336 2110 501 2178 eruperunt
521 2122 557 2162 ac
578 2123 633 2182 per
653 2125 803 2164 summam
820 2105 964 2166 virtutem
979 2127 1010 2167 ae
1024 2128 1076 2187 pa·

173 2177 249 2236 triae
264 2179 487 2242 restituerunt.''

212 2257 302 2318 LXI.
346 2259 509 2339 Postquam
539 2263 672 2325 Manlius
699 2267 789 2340 dixit,
812 2291 995 2350 quamquam
1023 2293 1075 2352 pa·

172 2345 254 2397 trum
276 2359 395 2418 quoque
420 2343 576 2423 plerosque
602 2349 715 2424 captivi
744 2352 924 2428 cognatione
949 2355 1075 2433 attinge·
1091 2353 1130 2412 25

171 2417 255 2490 bant,
272 2431 390 2496 praeter
404 2425 578 2502 exemplum
594 2427 727 2488 civitatis
751 2431 875 2491 minime
891 2433 922 2492 in
938 2436 1074 2512 captivos

173 2499 238 2577 jam
267 2500 337 2559 inde
366 2503 533 2594 antiquitus
561 2506 757 2586 indulgentis,
786 2515 933 2590 pecuniae
958 2536 1077 2595 quoque

171 2598 291 2638 sunnna
306 2580 441 2642 homines
458 2586 562 2659 movit,
578 2588 650 2666 quia
665 2610 720 2650 nec
737 2595 887 2654 aerarium
905 2596 1076 2671 exhaurire,

172 2679 285 2737 magna
308 2681 373 2739 Jarn
401 2684 519 2726 sumina
547 2679 670 2747 erogata
695 2673 728 2732 in
750 2694 851 2736 servos
872 2676 910 2734 ad
934 2677 1076 2737 militiam

172 2740 314 2832 emendos
349 2745 578 2834 armandosque,
608 2771 662 2811 nec
694 2753 913 2828 Hannibalern,
943 2758 1076 2816 maxime
1092 2755 1131 2818 30

172 2818 299 2898 hujusce
320 2842 363 2882 rer
379 2823 430 2917 (ut
442 2826 525 2887 fama
540 2831 620 2907 erat)
638 2844 784 2912 egentem,
801 2835 982 2914 locupletari
998 2837 1077 2898 vole·

174 2899 258 2993 bant:
300 2901 378 2962 Cum
393 2913 478 2966 trrste
494 2929 677 2988 responsum,
695 2918 772 2975 ‘nou
796 2916 904 2976 redimi
920 2917 1076 2996 captivos,’

173 2980 328 3078 redditum
353 2993 437 3054 esset,
462 3008 619 3070 novusque
644 3014 734 3073 super
757 3005 887 3056 veterem
910 2996 1010 3057 luctus
1032 3008 1077 3059 tot

177 3074 300 3142 jactura
328 3066 441 3128 civium
462 3069 598 3149 adjectus
619 3082 701 3146 esset,
726 3094 794 3134 cum
819 3076 936 3154 magnis
960 3077 1079 3138 fletibus

174 3145 380 3282 ‹ppestibusque
420 3147 533 3227 legatos
574 3151 614 3211 ad
655 3161 773 3230 portam
815 3157 965 3232 prosecuti
999 3168 1077 3219 sunt
1094 3159 1132 3218 35

207 3242 264 3282 nus
279 3244 318 3284 ex
334 3226 370 3286 iis
385 3226 509 3288 domum
525 3229 611 3302 abiit,
627 3233 706 3310 quod
729 3233 833 3293 fallaci
856 3233 955 3294 reditu
971 3234 1000 3292 in
1018 3254 1079 3294 eas-

176 3310 224 3361 tra
240 3305 311 3383 jure
328 3307 462 3384 jurando
484 3329 515 3368 se
536 3311 721 3372 exsolvisset.
764 3313 855 3390 Quod
874 3314 926 3372 ubi
945 3315 1079 3374 innotuit

177 3383 367 3464 relatumque
382 3388 420 3446 ad
436 3399 572 3448 senatum
588 3400 641 3462 est,
651 3412 752 3450 ornnes
765 3402 946 3452 censuerunt
957 3413 1080 3470 conpre

176 3463 372 3524 hendendnm
388 3479 417 3526 et
432 3470 607 3529 custodibus
625 3469 747 3548 publice
766 3470 845 3530 datis
867 3471 1077 3534 deducendum

176 3544 214 3603 ad
231 3545 439 3606 Hannibalem
455 3567 527 3607 esse.
1093 3547 1133 3608 40
