2568 3782
165 227 229 292 132
331 245 422 290 rrrr
448 245 544 294 nrvr
571 245 626 292 nn
653 246 769 295 vanu
797 247 990 294 connrrn

101 403 107 418 '
214 422 275 462 non
290 402 400 462 animis
415 402 504 463 modo
518 402 656 476 valeatis,
671 403 800 483 singulis
813 403 900 465 vobis
921 426 1056 468 novenos
1077 429 1117 469 ex

214 483 323 542 turmis
350 482 576 562 manipulisque
605 484 698 544 vestri
725 483 839 544 similes
867 485 979 564 eligite.
1024 489 1119 568 Mago

214 562 315 622 locum
338 562 520 623 monstrabit
541 583 631 642 quem
654 563 829 636 insideatis;
851 565 964 626 hostem
993 589 1119 628 caecum

214 643 252 701 ad
270 643 324 702 has
339 642 411 701 belli
426 653 506 702 artes
521 644 667 704 habetis.'’
711 643 761 704 Ita
773 645 857 705 mille
869 647 1037 724 equitibus*
1052 649 1120 708 Ma-

180 725 199 787 5
235 723 294 794 oui,
310 723 395 783 mille
415 724 567 802 peditibus
588 724 727 796 dimissis,
745 724 906 787 Hannibal
929 729 1029 806 prima
1049 729 1120 790 luce

247 804 364 862 umidas
375 804 490 881 equites
502 814 701 882 transgressos
716 805 859 866 Trebiam
872 808 984 868 flumen
995 809 1120 888 obequi-

212 892 278 943 tare
294 884 383 962 jubet
404 884 535 943 hostium
556 885 660 964 portis,
680 887 907 967 jaculandoque
922 888 953 946 in
971 890 1119 950 stationes

212 963 321 1022 elicere
336 963 374 1023 ad
390 983 524 1042 pugnam
540 965 665 1039 hostem,
682 969 794 1047 injecto
811 969 920 1028 deinde
941 971 1119 1044 certamine,

212 1043 345 1104 cedendo
359 1045 468 1104 sensim
484 1045 562 1104 citra
578 1046 691 1108 flumen
707 1049 889 1128 pertrahere.
931 1049 1019 1110 Haec
1034 1071 1120 1110 man-

160 1127 199 1188 10
212 1124 285 1208 data
300 1123 460 1197 Numidis;
483 1128 588 1187 ceteris
611 1128 740 1189 ducibus
760 1130 899 1209 peditum
920 1131 1119 1209 equitumque

212 1214 416 1284 praeceptum,
444 1216 479 1267 ut
506 1210 656 1287 prandere
682 1231 785 1270 omues
808 1210 960 1289 juberent,
984 1221 1119 1271 armatos

211 1285 321 1346 deinde
335 1287 529 1368 instratisque
544 1291 629 1369 equis
643 1292 762 1369 signum
778 1300 947 1369 expectare.

251 1367 446 1448 Sempronius
473 1371 513 1429 ad
543 1371 710 1432 tumultum
744 1370 951 1431 Numidarum
982 1370 1117 1452 primum

210 1470 331 1510 omnem
344 1452 524 1530 equitatum,
541 1452 628 1512 ferox
643 1472 679 1512 ea
692 1461 780 1531 parts
795 1451 917 1525 virium,
932 1451 1044 1512 deiude
1063 1473 1118 1512 sex

159 1532 197 1592 15
211 1531 298 1591 milia
318 1532 464 1610 peditum,
486 1543 638 1613 postremo
659 1553 761 1593 omnes
786 1532 896 1611 copias,
922 1553 941 1592 a
965 1532 1118 1594 destinato

211 1614 277 1692 jam
298 1624 370 1674 ante
391 1614 516 1675 consilio
544 1613 654 1675 avidus
674 1613 858 1685 certaminis,
879 1612 995 1673 eduxit.
1038 1613 1118 1674 Erat

211 1695 288 1756 forte
303 1694 430 1756 brumae
443 1706 562 1775 tempus
576 1703 607 1755 et
622 1694 734 1756 nivalis
755 1693 818 1753 dies
839 1693 871 1753 in
892 1692 967 1753 loeis
981 1692 1118 1772 Alpibus

210 1775 435 1856 Apenniuoque
456 1776 631 1856 interjectis,
654 1774 882 1855 propinquitate
902 1774 995 1834 etiam
1017 1773 1116 1833 flumi-

210 1877 334 1918 numae
349 1857 508 1936 paludium
525 1855 716 1936 praegelidis.
759 1854 810 1914 Ad
827 1854 884 1914 hoc
899 1854 1012 1934 raptim
1028 1855 1117 1915 educ·

157 1937 197 1999 20
211 1937 249 1998 tis
270 1938 442 1999 hominibus
464 1947 555 2016 atque
577 1937 670 2016 equis,
685 1956 746 1997 non
765 1943 854 2015 capto
875 1944 946 1996 ante
961 1934 1038 2008 cibo,
1053 1955 1115 1996 non

210 2038 266 2097 ope
287 2019 354 2079 ulla
374 2019 414 2079 ad
435 2019 601 2079 arcendum
623 2018 719 2096 frigus
741 2015 890 2089 adhibita,
904 2015 983 2074 nihil
1006 2015 1115 2076 caloris

210 2098 318 2172 inerat,
333 2107 363 2158 et
377 2099 527 2178 quidquid
549 2119 642 2159 aurae
661 2097 795 2157 fluminis
815 2095 1113 2175 adpropinquabant,

209 2178 347 2239 adflabat
360 2181 458 2240 acrior
471 2180 593 2259 frigoris
607 2180 662 2240 via.
705 2177 752 2240 Ut
765 2198 837 2238 vero
851 2176 1035 2254 refugientes
1049 2175 1080 2234 N
1083 2196 1113 2236 u·

209 2259 308 2320 midas
330 2259 519 2340 insequentes
540 2280 652 2339 aquarn
675 2258 802 2338 ingressi
822 2266 893 2316 sunt
909 2263 954 2334 (et
968 2266 1034 2315 erat
1047 2276 1113 2334 pee-

156 2338 326 2400 25toribus
356 2349 443 2401 tenus
472 2349 563 2400 aucta
591 2350 741 2400 nocturno
770 2337 887 2415 imbri),
913 2344 978 2396 tum
1007 2339 1113 2414 utique

209 2421 333 2498 egressis
360 2421 458 2499 rigere
486 2421 626 2480 omuibus
655 2440 791 2500 corpora,
817 2417 929 2478 utrix
957 2436 1112 2476 armorum

208 2501 408 2560 tenendorum
429 2501 565 2581 potentia
586 2510 692 2575 essent,
707 2509 738 2560 et
758 2498 850 2559 simul
871 2496 1051 2557 lassitudine
1072 2507 1111 2571 et,

209 2580 389 2659 procedente
399 2583 464 2660 jam
479 2581 537 2654 die,
554 2581 633 2642 tame
647 2582 739 2641 etiam
754 2579 890 2639 deiicere.

250 2660 318 2722 LV.
361 2661 547 2722 Hannibalis
568 2663 690 2722 interim
712 2661 807 2733 miles,
822 2658 944 2738 ignibus
962 2666 1035 2718 ante
1049 2667 1111 2718 ten·

156 2737 288 2801 sororia
322 2741 419 2815 factis,
448 2742 573 2821 oleoque
600 2763 655 2821 per
683 2740 865 2820 manipulos,
894 2750 929 2798 ut
956 2739 1111 2799 mollirent

209 2831 302 2893 artus,
319 2823 415 2893 misso,
431 2832 461 2882 et
482 2822 550 2882 cibo
571 2842 624 2903 per
644 2823 742 2882 otium
763 2830 862 2901 capto,
877 2819 931 2880 ubi
951 2830 1111 2898 transgres-

208 2921 255 2962 sos
276 2901 388 2962 flumen
409 2903 503 2963 hostis
525 2904 700 2963 nuntiatum
721 2913 774 2975 est,
796 2901 897 2962 alacer
918 2901 1028 2960 animis
1049 2920 1111 2958 eor·

207 2981 392 3121 ppribusque
425 3003 511 3043 arma
545 2984 628 3062 capit
661 2993 752 3062 atque
779 2982 811 3042 in
840 2982 935 3042 aciem
964 2979 1110 3059 procedit.

238 3063 347 3122 aliares
372 3063 454 3123 locat
477 3072 549 3123 ante
573 3065 669 3142 signa,
694 3063 791 3124 levem
819 3072 1017 3132 armaturam,
1043 3070 1111 3120 octo

155 3143 194 3204 35
209 3143 302 3201 ferme
318 3143 403 3202 milia
415 3144 581 3215 hominurn,
593 3143 662 3202 dein
674 3144 845 3222 graviorem
861 3143 954 3202 armis
969 3141 1110 3220 peditem,

155 3255 160 3268 ·
208 3222 289 3302 quod
304 3223 426 3294 virium,
442 3223 523 3301 quod
539 3223 654 3283 roboris
669 3235 750 3295 erat;
773 3223 804 3281 in
821 3224 963 3282 cornibus
985 3223 1111 3281 circum·

208 3302 290 3378 fudit
304 3301 406 3361 decem
422 3303 507 3361 milia
521 3303 668 3380 equitum,
683 3312 713 3362 et
734 3303 774 3372 ab
795 3304 937 3382 cornibus
952 3305 983 3362 in
1000 3311 1112 3362 utram·

209 3400 267 3459 que
282 3391 398 3458 partein
415 3381 528 3458 diuisos
542 3381 718 3460 elephantos
732 3383 848 3452 statuit.
890 3382 1004 3442 Consul
1020 3382 1112 3442 effuse

208 3462 360 3539 sequentis
383 3461 508 3540 equites,
533 3480 603 3534 epm
628 3461 667 3521 ab
691 3460 897 3543 resistentibus
921 3462 1022 3524 subito
1047 3462 1111 3541 Nu:
