2562 3788
343 271 475 317 urana
500 271 701 334 xxxv111,
725 253 855 316 51-52.
1040 251 1103 318 art

145 428 303 489 hominum
315 437 345 488 et
356 427 565 488 aestimatione
576 447 666 487 verae
678 425 897 504 magnitudinis
906 426 972 504 ejus
982 424 1051 499 fuit,

145 529 236 588 quam
252 528 312 587 quo
332 507 525 586 triumphans
547 508 584 566 de
605 506 744 586 Syphace
765 526 834 585 rege
848 515 878 566 et
892 505 1052 585 Carthagi·

145 589 299 648 aiensibus
314 588 419 647 urbem
434 597 478 647 est
493 589 638 648 invectus.

185 668 258 729 LII.
302 667 364 728 Hic
385 667 535 747 speciosus
556 667 682 726 ultimus
707 666 770 727 dies
795 665 829 727 P.
851 665 985 745 Scipioni
1007 666 1050 726 in·

145 748 244 822 luxit3
274 758 451 828 postquem
477 767 545 807 cum
569 747 718 808 invidiam
741 756 771 807 et
794 747 961 807 certamina
982 767 1050 806 cum
1085 748 1104 809 5

144 829 275 890 tribunis
290 829 481 908 prospiceret,
497 827 546 886 die
560 826 696 906 longiore
711 826 858 906 prodicta,
873 827 904 886 iu
920 825 1051 886 Literni-

145 930 218 969 num
233 910 379 970 concessit
392 917 473 968 certo
488 907 622 980 consilio,
637 927 675 966 ne
695 907 735 966 ad
755 927 876 968 causam
891 906 1051 967 dicendam

145 989 271 1050 adesset.
313 989 414 1068 Major
434 988 554 1049 animus
567 997 598 1048 et
611 996 724 1048 natura
742 998 857 1048 eratne
872 987 979 1068 majori
994 987 1052 1046 for·

146 1080 238 1130 tunae
252 1069 402 1142 adsuetus,
417 1090 509 1148 quam
523 1077 559 1128 ut
570 1088 640 1128 reus
654 1087 716 1128 esse
728 1069 819 1128 sciret
832 1077 861 1128 et
875 1067 1052 1128 submittere

145 1169 176 1210 se
189 1151 220 1209 in
237 1149 443 1209 bumilitatem
456 1169 580 1209 causam
595 1148 771 1209 dicentium.
814 1147 877 1210 Ubi
892 1149 957 1208 dies
967 1149 1052 1210 venit
1066 1152 1105 1212 10

146 1230 293 1309 citarique
305 1229 411 1290 absens
425 1238 469 1290 est
482 1239 615 1308 coeptus,
626 1229 663 1290 L.
675 1229 777 1308 Scipio
792 1228 931 1289 morbum
943 1249 1052 1290 causae

145 1331 215 1382 esse,
244 1331 298 1370 cur
325 1309 449 1383 abesset,
476 1310 651 1370 excusabat.
695 1310 798 1387 Quam
826 1310 1051 1370 excusationem

145 1411 215 1452 cum
229 1390 353 1463 tribuni,
368 1391 420 1469 qui
434 1390 515 1450 diem
530 1391 682 1464 dixerant,
697 1411 757 1451 non
772 1390 953 1469 acciperent,
968 1400 998 1451 et
1011 1390 1051 1450 ab

145 1471 248 1531 eadem
261 1471 402 1550 superbia
416 1492 476 1531 non
489 1472 593 1532 venire
606 1471 644 1531 ad
658 1492 779 1532 oausam
791 1471 952 1531 dicendam
964 1491 1051 1550 argu-

144 1561 238 1625 erent,
253 1572 313 1630 qua
329 1551 480 1630 judicium
502 1560 532 1612 et
552 1551 690 1612 tribunos
710 1552 808 1631 plebis
829 1561 859 1612 et
880 1553 1050 1612 contionem
1066 1552 1104 1614 15

144 1632 323 1711 reliquisset,
338 1641 376 1703 et,
391 1632 501 1710 quibus
518 1633 568 1711 jus
583 1633 750 1693 sententiae
765 1633 847 1693 dese
861 1632 1007 1692 dicendae
1021 1641 1051 1693 et

144 1712 317 1772 libertatem
331 1712 498 1786 ademisset,
515 1713 559 1772 bis
575 1714 745 1786 comitatus,
761 1713 846 1774 velut
866 1723 970 1792 captos
992 1723 1051 1774 tra·

144 1792 227 1864 heus,
244 1792 432 1871 triumphum
448 1793 485 1852 de
501 1793 612 1872 populo
631 1794 770 1854 Romano
784 1794 900 1873 egisset,
915 1795 1051 1854 secessio·

143 1893 274 1952 nemque
288 1893 323 1932 eo
338 1872 386 1933 die
400 1873 433 1932 in
444 1871 630 1952 Capitolium
645 1895 665 1933 a
679 1875 807 1935 tribunis
823 1874 919 1954 plebis
934 1874 1051 1936 fecisset

143 1952 338 2012 —“habetis
358 1973 429 2032 ergo
451 1954 630 2014 temeritatis
654 1955 738 2015 illius
759 1955 936 2016 mercedem.
980 1955 1105 2031 Quoto

143 2033 221 2094 duce
233 2041 263 2093 et
274 2042 397 2093 auctore
408 2054 461 2094 nos
473 2034 644 2112 reliquistis,
657 2035 696 2095 ab
707 2056 742 2095 eo
751 2036 809 2114 ipsi
821 2035 918 2096 relicti
931 2036 1009 2107 estis,
1021 2044 1051 2095 et

143 2123 264 2174 tantum
280 2114 449 2173 animorum
465 2113 570 2174 indies
585 2115 673 2176 nobis
688 2115 843 2189 decrescit,
856 2125 898 2186 ut,
910 2116 949 2176 ad
961 2136 1051 2195 quem

143 2203 215 2254 ante
238 2213 334 2253 annos
358 2194 580 2272 septemdecim,
604 2197 770 2256 exercitum
796 2205 826 2257 et
850 2195 975 2257 classem
1000 2196 1052 2256 ha·

144 2272 275 2346 bentem,
297 2273 435 2334 tribunos
457 2274 554 2354 plebis
576 2277 765 2356 aedilemque
786 2277 906 2337 mittere
927 2277 959 2335 in
979 2275 1051 2337 Sici-

144 2353 217 2414 liam
245 2354 312 2414 ausi
339 2374 451 2426 sumus,
476 2356 527 2433 qui
557 2356 738 2434 prenderent
765 2377 834 2417 eum
863 2366 892 2417 et
922 2357 1050 2417 Romam
1066 2358 1105 2419 25

143 2435 331 2507 reducerent,
357 2435 396 2494 ad
424 2455 492 2494 eum
521 2437 675 2514 privatum
704 2457 742 2497 ex
766 2436 844 2499 villa
870 2457 925 2497 sua
952 2447 1051 2497 extra-

143 2514 279 2574 hendum
294 2515 332 2574 ad
348 2535 468 2574 oausam
485 2515 646 2576 dicendam
660 2517 778 2578 mittere
789 2538 849 2577 non
861 2517 1027 2578 audeamus
1034 2518 1050 2543 '’

143 2626 192 2667 --,
207 2595 323 2654 tribuni
341 2594 438 2673 plebis
459 2596 605 2674 adpellati
628 2597 666 2657 ab
689 2598 724 2657 L.
740 2597 879 2676 Scipione
894 2597 938 2658 ita
952 2598 1051 2658 decre·

143 2682 264 2746 verunt,
275 2676 300 2734 si
315 2674 411 2734 morbi
428 2696 519 2735 causa
534 2688 738 2750 excusaretur,
750 2678 807 2738 sibi
822 2678 943 2757 placere
953 2678 1051 2757 accipi

144 2775 210 2814 eam
226 2775 347 2815 causam
363 2755 503 2834 diemque
525 2757 564 2817 ab
586 2758 708 2837 collegis
730 2759 855 2837 prodici.
898 2757 1051 2818 Tribunus
1066 2759 1105 2820 30

144 2834 242 2914 plebis
264 2855 298 2894 eo
319 2844 453 2914 tempore
472 2835 517 2896 Ti.
532 2837 727 2916 Sempronius
742 2837 899 2899 Gracchus
914 2847 988 2904 erat.
1003 2839 1052 2898 eui

144 2915 323 2974 inimicitiae
344 2935 413 2975 cum
435 2916 468 2976 P.
491 2917 631 2995 Scipione
652 2919 887 2979 intercedebant.
930 2917 961 2978 Is
982 2938 1052 2978 cum

144 2995 289 3055 vetuisset
311 3015 419 3055 nomen
443 3017 531 3056 suum
555 2997 674 3057 decreto
698 2999 883 3077 collegarum
910 2998 1050 3070 adscribi,

144 3075 367 3154 tristioremque
388 3097 490 3136 omnes
511 3079 689 3137 sententiam
712 3087 931 3157 exspectarent,
946 3080 989 3138 ita
1004 3078 1051 3138 de

144 3155 335 3227 crevit,cu1n
357 3156 392 3216 L.
409 3155 511 3234 Scipio
526 3167 696 3218 excusasset
714 3158 852 3218 morbum
868 3179 929 3218 esse
944 3179 1052 3218 causae
1066 3159 1105 3220 35

144 3235 241 3308 l'ratri,
253 3237 326 3296 satis
341 3237 372 3296 id
387 3237 443 3296 sibi
459 3237 571 3297 videri:
586 3259 617 3298 se
631 3238 858 3316 P.'Soipionem‚
875 3240 1049 3318 priusquam

144 3315 278 3376 Romam·
290 3317 422 3389 redisset,
434 3319 569 3376 accusari
582 3338 640 3376 non
658 3339 831 3396 pamurum;
844 3328 910 3378 tum
922 3338 1050 3397 quoque,

142 3397 167 3456 si
185 3417 217 3456 se
238 3396 383 3475 adpellet,
398 3397 515 3456 auxilio
537 3397 564 3455 ei
585 3397 732 3468 futurum,
748 3417 785 3455 ne
806 3417 927 3456 oausam
951 3397 1050 3466 dicat;

141 3477 181 3537 ad
193 3477 225 3538 id
235 3476 394 3556 fastigium
410 3477 500 3536 rebus
513 3477 614 3555 gestis,
626 3477 789 3538 bonoribus
800 3477 906 3556 populi
918 3475 1051 3536 Romani·
