2520 3784
442 243 575 290 nrnnn
600 243 625 310 1,
653 224 706 291 27.
1035 227 1080 292 45

117 403 203 465 niam
225 408 310 463 recta
330 400 458 462 consilia
478 400 555 462 baut
575 400 652 462 bene
672 408 845 475 evenerant,
860 403 963 482 pravis
981 423 1025 462 re·

119 483 288 546 conciliare
315 482 510 561 popularium
545 482 662 542 animos
697 482 805 560 coepit.
862 483 963 561 Igitur
991 490 1025 544 ut

119 565 205 644 prius
226 564 259 622 iu
281 562 362 622 bello
384 582 498 640 pacem,
518 565 561 621 sic
583 562 614 620 in
635 582 712 640 paee
734 561 846 621 bellum
869 583 1024 641 quaerens,

120 644 194 723 quia
208 642 417 703 suae-civitati
432 643 602 702 animorum
616 641 685 720 plus
697 662 788 720 quarn
798 642 909 701 virium
926 663 1025 703 cerne-

119 724 177 785 bat
189 743 262 794 esse,
277 723 317 782 ad
331 722 447 783 bellum
463 721 565 800 palam
581 731 672 800 atque
687 742 725 781 ex
741 722 840 782 edicto
854 724 1025 802 gerundum
1060 720 1079 781 5

120 805 198 864 alios
227 803 363 863 concitat
387 802 523 881 populos,
546 803 608 861 suis
636 822 690 881 per
717 803 847 880 speciem
874 803 1025 863 societatis

144 883 325 944 reditionem
351 891 494 944 reservat.
536 881 708 955 Fidenates,
734 881 852 942 colonia
876 882 1025 956 Romana,

120 905 307 1026 beientibus
317 963 406 1022 sociis
418 962 536 1022 consilii
549 962 727 1042 adsumptis,
739 972 827 1041 pacto
838 963 1026 1024 transitionis

121 1043 317 1105 Albanorum
332 1043 372 1102 ad
387 1042 499 1103 bellum
515 1051 606 1121 atquc
621 1063 707 1103 arma
720 1043 895 1103 incitantur.

163 1123 242 1186 Cum
272 1122 410 1183 Fidenae
437 1132 542 1202 aperte
569 1122 740 1195 descissent,
770 1123 887 1197 Tullus,
916 1123 1027 1185 Mettio
1042 1121 1081 1183 10

122 1205 322 1283 exercituque
336 1205 400 1282 ejus
414 1202 454 1263 ab
468 1202 553 1262 Alba
576 1204 682 1274 accito,
698 1213 804 1264 contra
819 1204 917 1264 hostes
932 1205 1025 1266 ducit

122 1284 188 1347 Ubi
202 1283 357 1344 Anienem
379 1283 509 1355 transiit,
525 1283 564 1342 ad
579 1283 759 1343 confluentis
774 1284 903 1345 collocat
917 1293 1026 1346 castra.

123 1365 210 1426 Inter
237 1383 309 1424 eum
336 1363 438 1423 locum
467 1372 497 1423 et
525 1363 657 1424 Fidenas
678 1363 855 1424 Veientium
876 1365 1027 1426 exercitus

123 1445 261 1505 Tiberim
289 1445 460 1504 transierat.
509 1442 555 1502 Hi
583 1444 674 1504 etin
702 1445 766 1504 acie
793 1465 887 1524 prope
914 1445 1051 1505 flumen.

123 1535 249 1586 tenuere
265 1524 406 1584 dextrum
417 1545 510 1584 cornu
522 1545 529 1596 ;
544 1524 576 1583 iu
590 1524 713 1585 sinistro
728 1524 891 1585 Fidenates
905 1526 1028 1605 propius
1043 1523 1081 1584 15

123 1615 242 1667 montes
254 1605 431 1665 consistunt.
467 1604 576 1664 Tullus
587 1605 730 1666 adversus
740 1604 899 1666 Veientem
912 1606 1027 1665 hostem

124 1685 238 1764 derigit
262 1705 349 1757 su0s;
374 1685 512 1745 Albanos
534 1693 641 1745 contra
661 1684 810 1762 legionem
832 1684 1028 1746 Fidenatium

125 1766 276 1826 conlocat.
319 1764 444 1825 Albano
465 1785 526 1826 non
548 1765 617 1844 plus
639 1765 735 1824 animi
755 1774 820 1825 erat
839 1785 931 1844 quam
949 1766 1027 1827 fidei.

125 1845 156 1906 N
158 1867 193 1906 ec
208 1865 332 1906 manere
345 1866 416 1924 ergo
430 1865 486 1906 nec
500 1846 629 1905 transire
643 1854 747 1925 aperte
761 1865 852 1905 ausus
865 1847 974 1906 sensim
989 1846 1029 1906 ad

125 1935 245 1987 montes
258 1927 411 1998 succedit3
433 1926 512 1998 inde,
524 1924 577 1985 ubi
592 1926 664 1986 satis
678 1925 791 1985 subisse
804 1946 867 1986 sese
877 1935 961 1986 ratus
975 1935 1028 2000 est,
1043 1925 1082 1988 20

125 2007 219 2085 erigit
243 2015 339 2066 totam
363 2007 468 2080 aciem,
489 2006 700 2084 fluctuansque
728 2006 839 2078 auimo,
862 2015 897 2066 ut
919 2015 1029 2067 tereret

126 2096 257 2166 tempus,
278 2086 398 2146 ordines
418 2085 563 2165 explicat.
606 2085 774 2146 Consilium
795 2095 869 2158 erat,
889 2107 950 2166 qua
970 2087 1028 2147 for·

127 2176 206 2228 tuna
220 2187 284 2226 rem
300 2167 396 2240 daret,
412 2187 447 2226 ea
466 2167 615 2227 inclinare
628 2167 716 2227 vires.
758 2165 909 2226 Miraculo
930 2167 1029 2246 primo

127 2267 192 2308 esse
206 2245 362 2320 Romanis,
371 2247 424 2326 qui
438 2247 581 2326 proxumi
594 2254 748 2318 steterant,
760 2256 795 2306 ut
809 2247 919 2306 nudari
933 2247 1030 2308 latera

126 2348 184 2388 sua
204 2327 354 2387 sociorum
376 2327 512 2406 digressu
533 2337 706 2399 senserunt;
735 2327 806 2386 inde
826 2347 915 2406 eques
936 2325 1030 2388 citato
1043 2327 1083 2388 25

127 2428 207 2486 equo
220 2407 345 2466 nuntiat
358 2408 431 2486 regi,
447 2407 532 2467 abire
545 2406 702 2468 Albanos·
735 2406 845 2467 Tullus
865 2409 897 2467 in
918 2428 951 2468 re
971 2417 1029 2468 tre·

127 2487 204 2567 pida
224 2487 384 2546 duodecim
397 2487 485 2548 vovit
504 2487 611 2560 Salina,
626 2487 757 2566 fanaque
779 2487 895 2548 Pallori
916 2508 952 2548 ac
973 2488 1030 2548 Pa-

127 2568 206 2630 vori.
247 2567 392 2646 Equitem
407 2567 493 2627 clara
507 2569 667 2647 increpans
680 2588 764 2641 voce,
778 2578 814 2628 ut
827 2569 926 2628 hostes
940 2589 1031 2629 exau-

128 2649 241 2722 dirent,
260 2648 359 2708 redire
380 2648 411 2706 in
432 2647 582 2727 proelium
606 2648 707 2720 'ubet;
728 2649 807 2707 nihil
828 2648 1030 2728 trepidatione

128 2749 205 2808 opus
219 2747 297 2800 essa;
312 2748 367 2788 suo
375 2729 462 2808 jussu
477 2670 665 2788 circumduci
679 2727 839 2788 Albanum
853 2730 1032 2803 exercitum,
1045 2729 1084 2790 30

128 2818 164 2869 ut
184 2808 384 2868 Fidenatium
404 2809 488 2867 nuda
508 2817 595 2886 terga
615 2808 782 2881 invadant;
805 2808 876 2869 item
892 2810 1029 2888 imperat,

128 2899 165 2948 ut
178 2889 282 2948 hastas
295 2889 411 2966 equites
425 2889 582 2967 erigerent.
625 2886 663 2948 Id
677 2889 793 2948 factum
807 2909 935 2968 magnae
950 2890 1029 2968 parti

128 2969 269 3049 peditum
296 2968 515 3029 Romanorum
533 2977 726 3048 conspectum
751 2967 891 3028 abeuntis
912 2969 1030 3030 Albani

129 3049 281 3109 exercitus
300 3048 509 3128 intersaepsit;
531 3050 583 3128 qui
598 3049 749 3121 viderant,
763 3049 796 3107 id
811 3049 892 3128 quod
907 3048 946 3109 ab
961 3071 1031 3129 rege

129 3129 271 3190 auditum
284 3138 351 3190 erat
364 3131 434 3202 rati,
448 3149 482 3188 eo
497 3131 596 3189 acrius
610 3139 757 3208 pugnant.
1046 3127 1084 3190 35

170 3208 282 3269 Terror
295 3209 335 3268 ad
349 3209 448 3269 hostes
462 3210 588 3270 transit:
611 3219 641 3269 et
662 3209 847 3270 audiverant
860 3208 944 3270 clara
957 3231 1031 3272 voce

129 3289 257 3362 dictum,
278 3297 309 3349 et
336 3309 449 3368 magna
475 3309 546 3368 pars
573 3287 780 3361 Fidenatium,
800 3299 836 3349 ut
857 3288 910 3425 qui
931 3290 1031 3348 coloni

129 3368 230 3431 additi
251 3367 400 3428 Romanis
420 3378 527 3441 essent,
541 3368 654 3429 Latine
674 3365 819 3428 sciebant.
879 3378 979 3443 taque,
993 3387 1032 3426 na

129 3449 232 3511 subito
261 3467 301 3510 ex
328 3447 458 3510 collibus
485 3448 614 3510 decursu
635 3445 828 3507 Albanorum
851 3443 1032 3504 interclude·
