2562 3788
141 203 204 268 188
314 219 404 265 rrrr
433 218 527 267 nrvr
554 219 609 266 AB
634 218 748 266 vnun
775 219 966 268 counire

193 385 295 436 tamen
330 375 444 448 castris,
473 395 551 454 quae
579 375 680 454 posita
707 384 793 435 trans
821 375 971 436 Aufidum
1000 386 1102 452 erant,

192 455 317 516 liberius
338 454 533 534 aquabantur
554 455 696 528 Romani,
711 457 785 534 quia
799 457 868 534 ripa
882 456 1011 518 ulterior
1033 459 1104 518 nul·

192 536 257 596 lum
279 536 413 596 habebat
434 536 566 595 hostium
587 535 784 613 praesidium.
827 537 988 598 Hannibal
1015 559 1103 618 spem

193 627 331 688 nanctus,
346 616 421 676 locis
436 617 515 676 natis
530 615 570 675 ad
584 625 752 695 equestrem
775 636 921 695 pugnarn,
936 639 998 696 qua
1013 629 1105 698 parte
1152 649 1156 653 ·

140 701 145 712 ’
161 696 180 756 5
194 697 307 758 virium
323 697 456 758 invictus
477 704 551 770 erat,
565 696 700 755 facturos
721 697 839 774 copiam
856 699 1017 775 pugnandi
1032 719 1104 759 con·

193 777 281 849 sulca,
297 776 409 856 derigit
429 777 524 836 aciem
548 776 729 854 lacessitque
750 775 959 837 Numidarum
974 799 1103 857 procur-

194 859 310 918 satione
325 857 427 917 hostis,
470 855 548 916 Inde
563 870 667 916 rursus
680 855 842 916 sollicitari
856 859 1006 918 seditione
1022 859 1104 919 mili·

194 937 253 998 tari
282 958 318 998 ao
346 937 498 997 discordia
526 937 684 997 consulum
715 936 857 998 Romana
891 949 1001 1014 eastra,
1031 961 1104 1000 cum

195 1017 311 1079 Paulus
331 1017 561 1097 Semproniique
582 1027 613 1077 et
634 1017 771 1076 Flamini
796 1019 1000 1080 temeritatem
1022 1019 1105 1080 Var-

142 1097 181 1158 10
195 1100 272 1172 roni,
293 1098 395 1160 Varro
419 1099 587 1175 speciosum
614 1097 728 1157 timidis
749 1118 786 1157 ac
807 1099 951 1178 segnibus
969 1100 1105 1160 ducibus

194 1179 367 1259 exemplum
384 1178 515 1243 Fabium
530 1179 672 1250 obiceret,
684 1188 906 1259 testareturque
920 1181 990 1240 deos
1005 1181 1105 1240 homi·

194 1281 306 1338 nesque
320 1261 380 1332 hie,
395 1259 531 1319 ‘nullam
546 1279 637 1338 penes
651 1279 683 1319 se
696 1259 819 1339 culpam
834 1281 905 1333 esse,
916 1261 998 1340 quod
1014 1261 1105 1320 Han-

195 1341 281 1400 nibal
292 1342 356 1420 jam
372 1339 458 1401 velut
473 1360 528 1400 usu
544 1342 672 1420 cepisset
686 1340 830 1413 Italiam;
852 1362 883 1402 se
900 1343 1104 1403 constrictum

195 1443 214 1481 a
228 1421 355 1500 conlega
369 1422 464 1480 teneri
475 1443 481 1493 ;
497 1423 611 1481 ferrum
623 1433 716 1499 atque
726 1442 812 1481 arma
824 1423 908 1482 iratis
921 1431 952 1483 et
962 1443 1106 1503 pugnare

143 1499 181 1560 15
196 1500 388 1581 cupientibus
410 1502 505 1562 adimi
527 1501 711 1574 militibus;’
734 1502 796 1575 ille,
813 1504 853 1562 ‘si
869 1504 944 1581 quid
959 1504 1107 1582 projectis

196 1603 232 1642 ac
243 1582 371 1662 proditis
382 1582 421 1642 ad
432 1583 635 1642 inconsultam
652 1594 744 1662 atque
755 1583 948 1661 inprovidam
964 1605 1105 1663 pugnam

197 1662 367 1743 legionibus
382 1663 542 1736 accideret,
551 1684 582 1725 se
596 1665 695 1724 omnis
709 1663 818 1743 culpae
833 1674 993 1736 exsortem,
1003 1665 1106 1725 omnis

196 1753 322 1806 eventus
336 1745 516 1824 participem
531 1744 613 1816 fore‚’
628 1744 760 1816 diceret;
783 1745 917 1805 ‘videret
933 1754 975 1817 ut,
990 1744 1106 1824 quibus

196 1826 303 1905 lingua
324 1835 386 1885 tam
410 1835 550 1906 prompta
571 1845 607 1886 ac
628 1826 800 1899 temeraria,
820 1845 916 1905 aeque
939 1825 972 1886 in
996 1846 1107 1905 pugna

144 1903 183 1965 20
196 1908 334 1986 vigerent
347 1907 473 1968 manus!

238 1987 342 2060 XLV.
385 1987 467 2047 Dum
483 1986 735 2063 altercationibus
750 1987 846 2066 magis
861 2007 953 2066 quam
969 1985 1106 2048 consiliis

197 2080 316 2149 tempus
337 2069 456 2140 teritur,
475 2067 635 2128 Hannibal
656 2089 696 2128 ex
717 2069 791 2141 acie,
806 2088 897 2148 quam
913 2067 953 2127 ad
968 2067 1106 2128 multum

198 2150 259 2211 diei
279 2159 420 2211 tenuerat
439 2150 629 2222 instructam,
652 2169 721 2208 oum
745 2148 779 2209 in
804 2159 904 2208 castra
925 2158 1040 2208 ceteras
1059 2168 1106 2208 re-

199 2231 312 2310 ciperet
325 2231 437 2310 copias,
452 2230 602 2290 Numidas
620 2229 659 2288 ad
675 2229 864 2290 invadendos
878 2249 916 2288 ex
932 2228 1105 2289 minoribus

146 2309 185 2370 25
199 2314 305 2372 castris
330 2312 538 2372 Romanorum
562 2319 722 2389 aquatores
746 2318 832 2370 trans
856 2309 970 2370 flumen
995 2309 1103 2370 mittit.

200 2393 301 2470 Quam
330 2393 519 2453 inconditam
547 2392 671 2452 turbam
695 2411 764 2451 cum
788 2390 920 2452 vixdum
946 2390 977 2448 in
1002 2389 1105 2468 ripam

199 2474 309 2552 egressi
330 2474 462 2534 clamore
484 2493 520 2533 ac
540 2472 676 2533 tumultu
698 2471 864 2550 fugassent,
886 2471 918 2530 in
941 2470 1105 2530 stationem

199 2575 319 2634 quoque
339 2553 497 2634 provallo
518 2553 649 2614 locatam
672 2561 763 2631 atque
784 2553 865 2631 ipsas
885 2571 979 2631 prope
999 2560 1105 2629 portas

199 2637 297 2696 evecti
324 2644 403 2695 sunt.
446 2633 484 2694 Id
509 2655 580 2696 vero
610 2634 770 2712 indignum
792 2633 901 2703 visum,
923 2631 963 2691 ab
990 2631 1105 2690 tumul-

146 2715 186 2776 30
200 2717 301 2778 tuario
316 2715 433 2775 auxilio
450 2715 516 2793 jam
537 2715 630 2774 etiam
652 2723 752 2774 castra
774 2711 915 2772 Romana
936 2711 1053 2784 terreri,
1069 2720 1105 2771 ut

200 2818 235 2858 ea
258 2796 347 2856 modo
368 2815 430 2855 una
451 2815 551 2867 causa,
569 2815 607 2855 ne
628 2792 782 2873 extemplo
804 2792 968 2852 transirent
989 2791 1104 2851 flumen

164 2893 171 2901 “
200 2877 431 2956 derigerentque
445 2876 549 2947 aciem,
565 2875 697 2935 tenuerit
712 2874 875 2943 Romanos,
888 2872 969 2952 quod
983 2892 1105 2932 summa

200 2958 370 3038 imperiieo
385 2956 438 3049 die
449 2976 539 3036 penes
561 2955 693 3016 Paulum
714 2955 816 3015 fuerit.
860 2953 970 3033 Itaque
983 2963 1105 3032 postero

200 3040 249 3099 die
264 3037 375 3110 Varro,
390 3056 440 3098 cur
460 3057 524 3097 sors
544 3037 608 3116 ejus
630 3036 691 3095 diei
712 3035 832 3128 imperii
850 3043 925 3106 erat,
942 3033 1021 3093 nihil
1036 3054 1105 3092 eon·

147 3118 280 3178 essarto
296 3117 424 3194 conlega
442 3117 563 3195 signum
579 3114 736 3195 proposuit
756 3123 980 3192 rustructasque
1002 3114 1105 3193 copiam

199 3196 313 3256 flumen
328 3195 476 3265 traduxit,
488 3205 631 3272 sequente
645 3194 753 3267 Paulo,
764 3195 837 3272 quia
851 3195 948 3272 magis
962 3215 1023 3254 non
1038 3214 1106 3273 pro·

199 3274 273 3334 bare
287 3293 377 3351 quam
394 3293 453 3332 non
471 3274 619 3352 adjuvare
639 3273 801 3334 consilium
823 3283 952 3352 poterat.
996 3273 1106 3333 Trans·

220 3351 293 3411 ressi
313 3351 425 3410 flumen
445 3372 495 3411 eas
515 3373 644 3431 quoque,
659 3371 734 3431 quas
755 3354 787 3412 in
809 3354 916 3414 castris
937 3353 1107 3413 minoribus

245 3425 382 3503 buerant,
396 3431 499 3508 copias
512 3433 573 3491 suis
588 3433 762 3511 adjungunt
782 3443 875 3512 atque
890 3433 935 3494 ita
947 3433 1108 3494 instruunt
