2520 3784
447 204 579 252 ursan
607 205 632 270 1,
660 189 790 252 45-46.

199 365 326 426 XLVI.
368 363 491 425 Servius
501 382 686 442 quamquam
696 363 761 442 jam
778 381 833 422 usu
848 361 924 423 haut
934 362 1062 424 dubium

160 466 291 525 regnum
319 445 501 525 possederat,
530 451 641 515 tamen,
670 444 743 521 quia
771 442 923 502 interdum
950 443 1062 523 jactari

159 547 249 588 voces
264 546 285 585 a
294 527 409 606 juvene
423 522 589 602 Tarquinio
603 523 757 596 audiebat,
772 543 803 583 se
824 523 937 603 injussu
957 523 1064 602 populi

160 627 300 686 regnare,
315 604 478 666 conciliata
492 603 575 683 prius
589 603 749 664 voluntate
762 603 860 682 plebis
881 623 954 682 agro
975 613 1064 682 capto

159 707 199 747 ex
212 687 351 748 hostibus
361 686 478 748 viritim
493 684 600 756 diviso,
609 704 698 744 ausus
710 693 754 744 est
765 683 843 744 ferre
856 683 895 743 ad
906 683 1064 763 populum,
1099 685 1118 745 5

160 768 281 830 vallent
304 767 486 847 juberentne
509 785 540 825 se
564 784 708 844 regnare;
737 773 883 842 tantoque
910 784 1065 838 consensu,

161 857 280 928 quanto
294 847 377 907 haud
392 847 552 926 quisquam
570 844 647 904 alius
661 853 742 916 ante,
757 864 811 904 rex
825 853 869 904 est
884 844 1064 906 declaratus.

161 928 272 1007 Neque
294 947 329 988 ea
349 948 396 987 res
416 924 581 1004 Tarquinio
602 945 684 1004 spem
709 924 883 985 adfectandi
904 924 990 1004 regni
1012 926 1066 986 mi-

162 1010 246 1080 nuit3
268 1009 361 1068 immo
376 1028 409 1068 eo
424 1005 587 1086 inpensius,
601 1005 726 1084 quiade
740 1024 812 1084 agro
828 1004 924 1084 plebis
938 1005 1067 1066 adversa

161 1097 288 1170 patrum
316 1088 475 1149 voluntate
502 1095 634 1148 senserat
669 1087 728 1164 agi,
758 1084 940 1146 criminandi
968 1085 1066 1147 Servii
1082 1087 1120 1148 10

163 1169 249 1248 apud
270 1178 371 1248 patres
392 1167 604 1245 crescendique
629 1167 662 1226 iu
687 1166 773 1225 curia
796 1165 854 1225 sibi
879 1167 1065 1227 occasionem

162 1251 271 1310 datam
293 1260 377 1308 ratus
397 1257 451 1320 est,
473 1257 503 1308 et
527 1246 590 1326 ipse
610 1247 733 1326 juvenis
757 1245 891 1308 ardentis
916 1247 1011 1307 animi
1036 1256 1066 1306 et

163 1331 248 1390 domi
270 1350 366 1389 uxore
386 1328 491 1406 Tullia
519 1328 687 1406 inquietum
716 1327 851 1387 animum
881 1327 1065 1388 stimulante.

163 1410 252 1470 Tulit
272 1411 354 1470 enim
375 1418 405 1470 et
426 1408 566 1469 Romana
587 1408 670 1487 regia
690 1407 809 1468 sceleris
834 1417 882 1468 tra
904 1407 942 1468 ici
968 1428 1068 1468 exem·

163 1493 263 1571 plum,
277 1499 313 1551 ut
326 1491 427 1551 taedio
442 1511 547 1569 regum
562 1489 710 1549 maturior
724 1489 841 1549 veniret
860 1431 1067 1566 libertasmlti·
1083 1488 1121 1549 15

165 1593 311 1652 mumque
325 1591 452 1651 regnum
468 1580 551 1643 esset,
567 1570 648 1650 quod
662 1571 774 1630 scelere
788 1582 910 1650 partum
925 1572 1011 1632 foret.

180 1685 183 1690 ·
207 1653 271 1714 Hic
294 1653 330 1713 L.
354 1653 539 1732 Tarquinius
563 1651 674 1730 (Prisci
704 1652 851 1732 Tarquini
879 1654 958 1733 regis
986 1654 1067 1715 filius

164 1759 298 1818 neposne
319 1738 420 1810 fuerit,
463 1757 549 1796 arum
571 1736 685 1815 liquet;
708 1734 848 1814 pluribus
872 1745 973 1796 tamen
998 1756 1068 1796 auc·

165 1820 284 1882 toribus
298 1817 427 1879 filiume
450 1817 573 1896 iderim)
589 1817 714 1877 fratrem
736 1817 886 1878 habuerat
899 1816 1067 1878 Arruntem

165 1901 379 1981 Tarquinium,
393 1900 474 1960 mitis
490 1899 603 1978 ingenii
614 1901 767 1978 juvenem.
810 1898 870 1960 His
891 1900 1017 1973 duobus,
1033 1909 1069 1960 ut
1083 1898 1122 1960 20

166 1982 368 2044 antedictum
386 1991 437 2053 est,
453 1981 532 2040 duae
546 1978 676 2052 Tulliae,
691 1981 770 2060 regis
788 1979 877 2053 filiae,
892 1990 1067 2060 nupserant,

166 2075 197 2125 et
211 2064 295 2142 ipsae
309 2062 399 2141 longe
409 2062 543 2140 dispares
559 2061 701 2121 moribus.
744 2060 837 2122 Forte
852 2062 896 2123 ita
910 2062 1067 2135 inciderat,

166 2165 206 2205 ne
220 2146 282 2205 duo
295 2143 431 2204 violenta
445 2141 567 2220 ingenia
581 2141 775 2201 matrimonio
792 2142 996 2222 ungerentur,
1011 2143 1068 2202 for-

167 2235 253 2297 tuna,
276 2225 374 2296 credo,
396 2221 501 2302 populi
525 2221 666 2293 Romani,
689 2243 750 2300 quo
778 2163 952 2284 diuturnius
980 2224 1067 2285 Servi

167 2325 295 2385 reguum
324 2312 400 2364 esset
427 2302 630 2380 constituique
657 2302 791 2365 civitatis
820 2324 915 2364 mores
938 2315 1066 2383 possent.
1083 2303 1122 2364 25

166 2385 351 2464 Augebatur
364 2384 450 2443 ferox
465 2381 578 2454 Tullia,
594 2382 672 2442 nihil
688 2384 832 2444 materiae
845 2383 876 2443 in
892 2384 957 2445 viro
971 2405 1069 2464 neque

168 2467 208 2526 ad
239 2465 438 2544 cupiditatem
466 2483 563 2542 neque
591 2463 630 2522 ad
658 2464 818 2524 audaciam
841 2485 919 2537 esse;
948 2474 1013 2526 tota
1034 2468 1066 2526 in

167 2547 299 2608 alterum
319 2564 425 2605 aversa
446 2542 646 2621 Tarquinium
666 2564 734 2603 eum
753 2545 867 2618 mirari,
882 2565 950 2605 aum
967 2547 1067 2608 virum

168 2628 269 2687 dicere
289 2647 325 2685 ac
346 2625 429 2704 regio
449 2623 599 2702 sunguine
619 2632 737 2695 ortum;
764 2645 905 2705 spernere
925 2616 1081 2698 sororem(

160 2707 259 2787 quod,
274 2707 376 2768 virum
394 2713 494 2776 nacta,
510 2703 652 2764 muliebri
668 2714 795 2764 cessaret
810 2705 948 2767 audacia.
991 2708 1067 2769 Con·
1083 2706 1123 2766 30

167 2787 264 2848 trahit
278 2785 416 2846 celeriter
429 2784 597 2845 similitudo
612 2805 669 2857 eos,
685 2794 719 2844 ut
732 2785 795 2845 fere
810 2786 843 2846 fit
857 2787 973 2848 malum
987 2789 1069 2850 malo

167 2867 376 2947 aptissimum
398 2865 449 2925 sed
472 2865 595 2924 initium
616 2865 760 2926 turbandi
787 2865 889 2926 omnia
913 2887 932 2928 a
954 2868 1069 2930 femina

167 2959 269 3008 ortum
283 2953 335 3006 est
371 2945 420 3004 Ea
433 2943 554 3005 secretis
565 2944 625 3006 viri
639 2945 732 3006 alicui
742 2946 917 3008 adsuefacta
927 2950 1069 3010 sermoni-

168 3029 234 3100 bus,
249 3026 344 3086 nullis
360 3023 521 3086 verborum
537 3025 729 3086 contumeliis
743 3046 875 3105 parcere,
891 3028 929 3089 de
942 3030 1010 3090 viro
1028 3031 1068 3090 ad

168 3110 304 3179 fratrem,
319 3107 357 3167 de
371 3125 471 3166 sorore
488 3103 527 3163 ad
542 3104 662 3176 virum3
683 3115 758 3166 etse
772 3107 884 3168 rectius
899 3109 1025 3170 viduam
1039 3119 1070 3171 et
1083 3106 1122 3168 35

168 3189 258 3249 illum
273 3186 419 3247 caelibem
435 3184 573 3244 futurum
589 3184 681 3246 fuisse
695 3186 885 3256 contendere,
895 3209 987 3267 quam
998 3209 1068 3250 cum

169 3268 271 3348 inpari
280 3267 381 3346 jungi,
396 3274 429 3326 ut
441 3264 715 3358 elanguescendum
730 3265 831 3326 aliena
845 3268 970 3346 ignavia
984 3278 1068 3331 esset.

166 3349 202 3411 Si
225 3347 283 3409 sibi
307 3367 386 3418 eum,
411 3364 470 3425 quo
496 3345 590 3436 digna
610 3353 695 3416 esset,
717 3345 760 3404 dii
782 3345 934 3406 dedissent
957 3348 1069 3421 virum,

170 3429 308 3557 domifise
330 3445 425 3556 prppe
449 3423 531 3485 diem
552 3443 688 3488 visuram
713 3443 841 3506 ragnum
866 3424 966 3500 fuisse,
987 3426 1069 3512 quod

295 3529 330 3546 -
370 3517 415 3572 ry.
