2562 3788
426 219 559 267 arnan
584 219 683 284 xnv,
707 202 792 268 7-9.
1052 203 1116 270 223

150 399 255 440 versus
276 397 347 437 eum
369 375 527 449 coluimus,
544 377 736 450 meminisses,
753 376 848 457 [quod
870 377 943 457 fuit]
967 379 1062 440 consi·

149 459 235 532 lium,
261 478 392 538 quorum
419 466 449 517 et
474 459 537 519 vim
567 459 628 536 [in]
656 458 736 519 bello
760 469 791 518 et
814 457 904 518 fidem
930 461 962 519 in
986 481 1064 539 pace·

149 549 292 619 expertus
306 559 392 612 esses,
407 558 476 598 oum
499 545 523 598 ts
544 538 601 598 tibi
622 538 738 598 bellum
760 559 932 617 essequam
954 561 1060 620 pacem

148 621 289 681 malle?’'
332 618 399 680 Nec
423 619 627 698 interrogatus
653 638 709 679 nec
735 630 893 680 accusatus
918 629 988 680 cum
1017 642 1060 682 re-

147 703 326 781 sponderet:
352 705 544 779 “utcumque
564 709 672 760 'tamen
696 699 780 772 haec,
801 701 864 761 sive
885 721 985 760 errore
1005 702 1059 761 hu·
1093 701 1113 762 5

148 803 239 844 mano
266 801 319 844 seu
347 802 419 842 casu
446 801 497 840 seu
527 781 713 853 necessitate,
739 780 921 854 inciderunt,
946 781 1058 842 bonum

148 863 286 923 animum
320 861 416 934 habe;
453 861 620 922 multorum
649 881 754 940 regum
786 861 845 938 [et]
876 862 1058 940 populorum

147 944 267 1004 casibus
281 944 403 1022 cognita
423 943 529 1022 populi
546 943 684 1002 ¹Romani
705 941 867 1002 clementia
887 963 948 1002 non
970 944 1058 1004 modo

146 1044 230 1102 spem
243 1023 309 1096 tibi,
321 1025 373 1084 sed
389 1045 482 1104 prope
494 1035 607 1084 certam
624 1023 767 1082 fiduciam
783 1021 890 1082 salutis
905 1023 1057 1101 praebet''

147 1103 235 1164 Haec
259 1103 378 1165 Graeco
406 1125 542 1164 sermone
570 1103 691 1175 Persei;
720 1102 833 1162 Latine
860 1102 970 1164 deinde
996 1105 1057 1165 suis
1072 1104 1110 1166 10

147 1189 164 1215 “
174 1184 349 1264 exemplum
363 1185 480 1264 insigne
494 1185 617 1245 cernitis
627 1185 644 1210 ’'
658 1183 768 1262 -inquit
784 1183 993 1244 “mutationis
1014 1206 1057 1246 re·

145 1285 213 1324 rum
229 1266 444 1326 humanarum.
480 1265 577 1327 Vobis
589 1265 646 1325 hoo
659 1265 820 1344 praecipue
832 1263 910 1336 dico,
918 1265 1054 1343 juvenes.

145 1344 219 1406 Ideo
235 1347 266 1405 in
282 1347 421 1406 secundis
435 1347 524 1407 rebus
539 1347 617 1406 nihil
634 1346 665 1405 in
682 1365 864 1424 quemquam
879 1345 1006 1423 superbo
1020 1366 1056 1406 ac

145 1426 296 1487 violenter
310 1427 465 1487 consulere
479 1428 574 1500 decet,
589 1447 644 1488 nec
660 1425 812 1505 praesenti
827 1426 948 1485 credere
962 1425 1056 1486 fortu-

145 1527 210 1579 nae,
227 1527 306 1580 cum,
322 1508 395 1586 quid
409 1529 516 1588 vesper
530 1507 616 1581 ferat,
632 1508 782 1567 incertum
797 1506 844 1566 sit.
888 1504 919 1565 Is
933 1506 1054 1566 demum
1070 1506 1109 1568 15

41 1657 44 1662 ¹
145 1587 194 1648 vir
213 1588 281 1660 erit,
297 1589 382 1667 cujus
403 1590 540 1648 animum
562 1609 658 1667 neque
672 1607 815 1667 prospera
830 1585 905 1646 flatu
920 1606 974 1646 suo
989 1587 1056 1648 effe·

144 1676 213 1728 rent
224 1688 279 1727 nec
291 1669 418 1729 adversa
430 1669 626 1748 infringent.‘''
669 1667 803 1729 Consilio
815 1666 937 1727 dimisso
949 1667 1055 1728 tuendi

145 1767 219 1807 cura
240 1749 318 1827 regis
333 1749 371 1826 Q.
387 1748 477 1810 Aelio
499 1750 672 1811 mandatur.
717 1748 764 1808 Eo
786 1748 835 1809 die
856 1757 886 1807 et
906 1747 1054 1809 invitatus
1129 1803 1133 1812 .

143 1827 183 1887 ad
205 1829 359 1889 consulem
375 1831 509 1903 Perseus,
525 1840 555 1892 et
570 1831 650 1891 alius
666 1830 763 1890 omnis
778 1829 805 1889 ei
821 1829 915 1888 honos
930 1828 1053 1890 habitus

144 1917 197 1980 est,
213 1909 265 1986 qui
281 1909 387 1970 haberi
402 1911 433 1969 in
448 1911 504 1972 tali
519 1911 643 1972 fortuna
657 1920 784 1990 poterat.
822 1931 824 1935 ·
1068 1908 1107 1970 20

184 1989 244 2048 IX.
287 1989 350 2050 Hic
365 1991 433 2052 finis
448 1991 529 2064 belli,
542 2013 611 2052 cum
623 1990 858 2070 quadriennium
875 1989 1053 2050 continuum

143 2066 293 2129 bellatum
304 2080 387 2143 esset,
400 2072 478 2132 inter
493 2073 646 2132 Romanos
661 2092 697 2131 ao
712 2071 822 2147 Persea
833 2071 901 2143 fuit,
914 2070 1054 2148 idemque

143 2147 212 2208 finis
240 2150 348 2230 inclyti
375 2172 429 2231 per
457 2152 600 2233 Europae
627 2152 807 2232 plerumque
831 2160 924 2230 atque
945 2149 1053 2210 Asiam

143 2249 265 2289 omnem
285 2232 379 2309 regni.
421 2232 632 2295 Vicensimum
653 2232 693 2293 ab
716 2233 844 2305 Carano,
862 2231 916 2310 qui
937 2231 1054 2308 primus

142 2310 301 2388 regnabat,
328 2311 438 2373 Persea
462 2313 673 2374 numerabant.
717 2313 843 2372 Perseus
868 2312 907 2389 Q.
931 2311 1053 2384 Fulvio,
1068 2309 1107 2370 25

144 2389 212 2467 [h]
228 2390 348 2452 Manlio
362 2393 536 2454 consulibus
551 2414 678 2474 reguum
692 2394 824 2472 accepit;
846 2414 865 2453 a
878 2401 984 2452 senatu
999 2411 1054 2452 rex

143 2478 187 2529 ost
208 2471 380 2550 appellatus
400 2474 444 2534 M.
460 2473 565 2548 Junio,
581 2475 619 2534 A.
635 2474 755 2535 Manlio
777 2473 968 2545 consulibus;
989 2493 1055 2552 reg-

142 2550 232 2611 navit
255 2553 395 2614 undecim
421 2575 524 2615 annos.
542 2555 773 2616 'Macedonum
801 2555 903 2634 [gens]
926 2552 1054 2614 obscura

142 2629 307 2691 admodum
323 2633 405 2694 fama
426 2635 573 2714 usquead
589 2635 770 2715 Philippum
785 2636 942 2714 Amyntae
955 2633 1054 2693 filium

142 2709 219 2783 fuit3
235 2713 307 2772 inde
317 2734 353 2773 ac
368 2735 421 2793 per
435 2735 504 2775 eum
519 2736 651 2778 crescere
663 2737 731 2777 cum
744 2715 898 2794 coepisset,
910 2713 1054 2792 Europae
1068 2711 1108 2773 30

142 2811 173 2850 se
184 2800 288 2852 tamen
296 2793 407 2856 finibus
419 2798 578 2869 coutinuit;
590 2796 753 2858 Graeciam
764 2815 883 2855 omnem
895 2803 925 2854 et
936 2802 1053 2872 partem

142 2869 290 2932 Threciae
304 2875 404 2954 adque
418 2876 538 2956 Illyrici
554 2877 706 2956 amplexa.
748 2874 929 2954 Superfudit
943 2873 1054 2932 deinde

142 2970 173 3011 se
197 2951 231 3012 in
254 2952 372 3028 Asiam,
397 2966 427 3018 et
450 2957 595 3018 tredecim
618 2957 716 3028 annis,
740 2955 851 3035 quibus
874 2953 1054 3014 Alexander

143 3035 294 3112 regnavit,
318 3039 451 3116 primurn
476 3038 586 3110 omnia,
609 3057 670 3116 qua
694 3037 856 3096 Persarum
881 3053 975 3113 prope
999 3034 1053 3092 im-

143 3134 246 3174 menso
274 3119 373 3196 spatio
402 3119 563 3196 imperium
590 3117 701 3189 fuerat,
722 3136 794 3176 suae
819 3114 947 3174 dicionis
971 3113 1051 3173 fecit.
1067 3111 1106 3171 35

121 3195 266 3270 ¹Arabas
280 3196 353 3258 hino
372 3198 562 3277 Indiamque,
578 3218 639 3276 qua
659 3206 808 3257 terrarum
831 3194 964 3254 ultumos
985 3192 1053 3253 finis

143 3274 291 3338 Rubrum
303 3299 388 3339 mare
408 3278 614 3358 amplectitur,
629 3277 812 3355 peragravit.
855 3274 933 3333 Tum
956 3273 1052 3332 maxi·

143 3377 227 3418 mum
249 3359 280 3419 iu
303 3360 391 3420 terris
412 3359 616 3419 Macedonum
631 3376 758 3434 regnum
773 3372 958 3430 nomenque;
975 3352 1051 3411 inde

142 3453 240 3501 morte
256 3439 431 3501 Alexandri
453 3439 632 3498 distractum
656 3435 718 3511 [in]
742 3434 841 3494 multa
860 3430 1051 3510 regna-dum
