<?xml version="1.0" encoding="UTF-8"?>
<!DOCTYPE html PUBLIC "-//W3C//DTD XHTML 1.0 Transitional//EN"
    "http://www.w3.org/TR/xhtml1/DTD/xhtml1-transitional.dtd">
<html xmlns="http://www.w3.org/1999/xhtml" xml:lang="en" lang="en">
 <head>
  <title>
</title>
<meta http-equiv="Content-Type" content="text/html;charset=utf-8" />
  <meta name='ocr-system' content='tesseract 3.04.00' />
  <meta name='ocr-capabilities' content='ocr_page ocr_carea ocr_par ocr_line ocrx_word'/>
</head>
<body>
  <div class='ocr_page' id='page_1' title='image "./historieslivybo01chasgoog_0034.png"; bbox 0 0 2520 3784; ppageno 0'>
   <div class='ocr_carea' id='block_1_1' title="bbox 413 221 1081 304">
    <p class='ocr_par' dir='ltr' id='par_1_1' title="bbox 413 221 1081 304">
     <span class='ocr_line' id='line_1_1' title="bbox 413 221 1081 304; baseline 0 -16"><span class='ocrx_word' id='word_1_1' title='bbox 413 242 546 288; x_wconf 79' lang='lat' dir='ltr'><strong>mnan</strong></span> <span class='ocrx_word' id='word_1_2' title='bbox 571 242 596 304; x_wconf 91' lang='lat'><strong>1,</strong></span> <span class='ocrx_word' id='word_1_3' title='bbox 626 223 752 290; x_wconf 90' lang='lat'>10-11.</span> <span class='ocrx_word' id='word_1_4' title='bbox 1039 221 1081 288; x_wconf 79' lang='lat'><strong>27</strong></span> 
     </span>
    </p>
   </div>
   <div class='ocr_carea' id='block_1_2' title="bbox 125 397 1088 3532">
    <p class='ocr_par' dir='ltr' id='par_1_2' title="bbox 125 397 1085 1925">
     <span class='ocr_line' id='line_1_2' title="bbox 166 397 1029 477; baseline -0.003 -15"><span class='ocrx_word' id='word_1_5' title='bbox 166 399 210 462; x_wconf 87' lang='grc' dir='ltr'><strong>Χ.</strong></span> <span class='ocrx_word' id='word_1_6' title='bbox 253 397 326 462; x_wconf 89' lang='lat' dir='ltr'><strong>Jam</strong></span> <span class='ocrx_word' id='word_1_7' title='bbox 351 397 516 459; x_wconf 77' lang='lat' dir='ltr'><strong>admodum</strong></span> <span class='ocrx_word' id='word_1_8' title='bbox 539 397 671 477; x_wconf 86' lang='lat' dir='ltr'><strong>mitigati</strong></span> <span class='ocrx_word' id='word_1_9' title='bbox 696 397 791 458; x_wconf 90' lang='lat' dir='ltr'><strong>animi</strong></span> <span class='ocrx_word' id='word_1_10' title='bbox 816 397 911 477; x_wconf 82' lang='lat' dir='ltr'><strong>raptis</strong></span> <span class='ocrx_word' id='word_1_11' title='bbox 933 407 1029 459; x_wconf 85' lang='lat' dir='ltr'><strong>erant.</strong></span> 
     </span>
     <span class='ocr_line' id='line_1_3' title="bbox 125 479 1029 559; baseline -0.001 -18"><span class='ocrx_word' id='word_1_12' title='bbox 125 479 171 541; x_wconf 90' lang='lat' dir='ltr'><strong>At</strong></span> <span class='ocrx_word' id='word_1_13' title='bbox 197 493 356 559; x_wconf 88' lang='lat' dir='ltr'><strong>raptarum</strong></span> <span class='ocrx_word' id='word_1_14' title='bbox 382 490 521 558; x_wconf 87' lang='lat' dir='ltr'><strong>parentes</strong></span> <span class='ocrx_word' id='word_1_15' title='bbox 548 490 612 538; x_wconf 88' lang='lat' dir='ltr'><strong>tum</strong></span> <span class='ocrx_word' id='word_1_16' title='bbox 642 480 776 538; x_wconf 80' lang='lat' dir='ltr'>maxime</span> <span class='ocrx_word' id='word_1_17' title='bbox 802 479 925 538; x_wconf 88' lang='lat' dir='ltr'><strong>sordida</strong></span> <span class='ocrx_word' id='word_1_18' title='bbox 948 487 1029 541; x_wconf 86' lang='lat' dir='ltr'><strong>veste</strong></span> 
     </span>
     <span class='ocr_line' id='line_1_4' title="bbox 125 559 1029 638; baseline -0.001 -18"><span class='ocrx_word' id='word_1_19' title='bbox 125 561 323 638; x_wconf 82' lang='lat' dir='ltr'><strong>lacrimisque</strong></span> <span class='ocrx_word' id='word_1_20' title='bbox 343 573 373 620; x_wconf 90' lang='lat' dir='ltr'><strong>et</strong></span> <span class='ocrx_word' id='word_1_21' title='bbox 394 559 536 638; x_wconf 80' lang='lat' dir='ltr'>querellis</span> <span class='ocrx_word' id='word_1_22' title='bbox 557 560 696 619; x_wconf 85' lang='lat' dir='ltr'><strong>civitates</strong></span> <span class='ocrx_word' id='word_1_23' title='bbox 717 559 922 618; x_wconf 80' lang='lat' dir='ltr'><strong>concitabant.</strong></span> <span class='ocrx_word' id='word_1_24' title='bbox 964 559 1029 620; x_wconf 90' lang='lat' dir='ltr'><strong>Nec</strong></span> 
     </span>
     <span class='ocr_line' id='line_1_5' title="bbox 126 638 1029 718; baseline -0.001 -18"><span class='ocrx_word' id='word_1_25' title='bbox 126 641 210 700; x_wconf 87' lang='lat' dir='ltr'><strong>domi</strong></span> <span class='ocrx_word' id='word_1_26' title='bbox 232 652 354 700; x_wconf 88' lang='lat' dir='ltr'><strong>tantum</strong></span> <span class='ocrx_word' id='word_1_27' title='bbox 375 639 599 718; x_wconf 79' lang='lat' dir='ltr'><strong>indignationes</strong></span> <span class='ocrx_word' id='word_1_28' title='bbox 621 638 828 708; x_wconf 84' lang='lat' dir='ltr'><strong>continebant,</strong></span> <span class='ocrx_word' id='word_1_29' title='bbox 842 639 893 698; x_wconf 88' lang='lat' dir='ltr'><strong>sed</strong></span> <span class='ocrx_word' id='word_1_30' title='bbox 908 659 1029 718; x_wconf 84' lang='lat' dir='ltr'><strong>congre·</strong></span> 
     </span>
     <span class='ocr_line' id='line_1_6' title="bbox 126 718 1083 799; baseline -0.001 -20"><span class='ocrx_word' id='word_1_31' title='bbox 126 721 282 799; x_wconf 86' lang='lat' dir='ltr'><strong>gabantur</strong></span> <span class='ocrx_word' id='word_1_32' title='bbox 300 720 435 799; x_wconf 89' lang='lat' dir='ltr'><strong>undique</strong></span> <span class='ocrx_word' id='word_1_33' title='bbox 455 720 495 779; x_wconf 91' lang='lat' dir='ltr'><strong>ad</strong></span> <span class='ocrx_word' id='word_1_34' title='bbox 517 719 619 779; x_wconf 87' lang='lat' dir='ltr'><strong>Titum</strong></span> <span class='ocrx_word' id='word_1_35' title='bbox 641 718 774 790; x_wconf 83' lang='lat' dir='ltr'><strong>Tatium,</strong></span> <span class='ocrx_word' id='word_1_36' title='bbox 789 739 889 796; x_wconf 78' lang='lat' dir='ltr'><strong>regem</strong></span> <span class='ocrx_word' id='word_1_37' title='bbox 905 719 1029 780; x_wconf 79' lang='lat' dir='ltr'><strong>Sabino·</strong></span> <span class='ocrx_word' id='word_1_38' title='bbox 1063 718 1083 778; x_wconf 82' lang='grc'><strong>5</strong></span> 
     </span>
     <span class='ocr_line' id='line_1_7' title="bbox 126 799 1029 878; baseline 0.001 -19"><span class='ocrx_word' id='word_1_39' title='bbox 126 821 206 872; x_wconf 90' lang='lat' dir='ltr'><strong>rum,</strong></span> <span class='ocrx_word' id='word_1_40' title='bbox 221 813 252 860; x_wconf 87' lang='lat' dir='ltr'><strong>et</strong></span> <span class='ocrx_word' id='word_1_41' title='bbox 266 801 430 878; x_wconf 81' lang='lat' dir='ltr'><strong>legationes</strong></span> <span class='ocrx_word' id='word_1_42' title='bbox 444 821 489 873; x_wconf 89' lang='lat' dir='ltr'><strong>eo,</strong></span> <span class='ocrx_word' id='word_1_43' title='bbox 500 800 580 878; x_wconf 93' lang='lat' dir='ltr'><strong>quod</strong></span> <span class='ocrx_word' id='word_1_44' title='bbox 597 799 763 858; x_wconf 85' lang='lat' dir='ltr'><strong>maximum</strong></span> <span class='ocrx_word' id='word_1_45' title='bbox 780 799 861 858; x_wconf 82' lang='lat' dir='ltr'><strong>Tatii</strong></span> <span class='ocrx_word' id='word_1_46' title='bbox 874 819 981 859; x_wconf 89' lang='lat' dir='ltr'><strong>nomeu</strong></span> <span class='ocrx_word' id='word_1_47' title='bbox 997 801 1029 860; x_wconf 88' lang='lat' dir='ltr'><strong>in</strong></span> 
     </span>
     <span class='ocr_line' id='line_1_8' title="bbox 126 879 1030 958; baseline 0.001 -19"><span class='ocrx_word' id='word_1_48' title='bbox 126 881 165 940; x_wconf 88' lang='lat' dir='ltr'><strong>iis</strong></span> <span class='ocrx_word' id='word_1_49' title='bbox 174 881 349 958; x_wconf 83' lang='lat' dir='ltr'><strong>regionibus</strong></span> <span class='ocrx_word' id='word_1_50' title='bbox 358 890 431 951; x_wconf 89' lang='lat' dir='ltr'><strong>erat,</strong></span> <span class='ocrx_word' id='word_1_51' title='bbox 439 879 668 940; x_wconf 88' lang='lat' dir='ltr'><strong>conveniebant.</strong></span> <span class='ocrx_word' id='word_1_52' title='bbox 698 879 899 940; x_wconf 80' lang='lat' dir='ltr'><strong>Caeninenses</strong></span> <span class='ocrx_word' id='word_1_53' title='bbox 907 879 1030 941; x_wconf 90' lang='lat' dir='ltr'><strong>Crustu·</strong></span> 
     </span>
     <span class='ocr_line' id='line_1_9' title="bbox 126 958 1030 1040; baseline 0 -20"><span class='ocrx_word' id='word_1_54' title='bbox 126 961 265 1040; x_wconf 89' lang='lat' dir='ltr'><strong>minique</strong></span> <span class='ocrx_word' id='word_1_55' title='bbox 285 972 316 1020; x_wconf 88' lang='lat' dir='ltr'><strong>et</strong></span> <span class='ocrx_word' id='word_1_56' title='bbox 330 960 531 1020; x_wconf 86' lang='lat' dir='ltr'><strong>Antemnates</strong></span> <span class='ocrx_word' id='word_1_57' title='bbox 552 968 648 1032; x_wconf 87' lang='lat' dir='ltr'><strong>eraut,</strong></span> <span class='ocrx_word' id='word_1_58' title='bbox 663 958 704 1019; x_wconf 90' lang='lat' dir='ltr'><strong>ad</strong></span> <span class='ocrx_word' id='word_1_59' title='bbox 721 979 795 1038; x_wconf 89' lang='lat' dir='ltr'><strong>quos</strong></span> <span class='ocrx_word' id='word_1_60' title='bbox 816 960 879 1038; x_wconf 88' lang='lat' dir='ltr'><strong>ejus</strong></span> <span class='ocrx_word' id='word_1_61' title='bbox 899 960 1030 1040; x_wconf 83' lang='lat' dir='ltr'><strong>injuriae</strong></span> 
     </span>
     <span class='ocr_line' id='line_1_10' title="bbox 126 1039 1030 1120; baseline 0.001 -20"><span class='ocrx_word' id='word_1_62' title='bbox 126 1061 199 1120; x_wconf 86' lang='lat' dir='ltr'><strong>pars</strong></span> <span class='ocrx_word' id='word_1_63' title='bbox 214 1041 394 1119; x_wconf 88' lang='lat' dir='ltr'><strong>pertinebat.</strong></span> <span class='ocrx_word' id='word_1_64' title='bbox 437 1039 533 1100; x_wconf 90' lang='lat' dir='ltr'><strong>Lente</strong></span> <span class='ocrx_word' id='word_1_65' title='bbox 556 1060 647 1118; x_wconf 85' lang='lat' dir='ltr'><strong>agere</strong></span> <span class='ocrx_word' id='word_1_66' title='bbox 671 1039 718 1100; x_wconf 90' lang='lat' dir='ltr'><strong>his</strong></span> <span class='ocrx_word' id='word_1_67' title='bbox 739 1039 845 1099; x_wconf 86' lang='lat' dir='ltr'><strong>Tatius</strong></span> <span class='ocrx_word' id='word_1_68' title='bbox 865 1039 1030 1120; x_wconf 82' lang='lat' dir='ltr'><strong>Sabinique</strong></span> 
     </span>
     <span class='ocr_line' id='line_1_11' title="bbox 127 1118 1084 1200; baseline 0 -18"><span class='ocrx_word' id='word_1_69' title='bbox 127 1122 186 1183; x_wconf 84' lang='lat' dir='ltr'><strong>visi</strong></span> <span class='ocrx_word' id='word_1_70' title='bbox 200 1133 289 1194; x_wconf 88' lang='lat' dir='ltr'><strong>sunt;</strong></span> <span class='ocrx_word' id='word_1_71' title='bbox 305 1121 362 1199; x_wconf 88' lang='lat' dir='ltr'><strong>ipsi</strong></span> <span class='ocrx_word' id='word_1_72' title='bbox 376 1123 457 1180; x_wconf 89' lang='lat' dir='ltr'><strong>inter</strong></span> <span class='ocrx_word' id='word_1_73' title='bbox 469 1141 500 1180; x_wconf 91' lang='lat' dir='ltr'><strong>se</strong></span> <span class='ocrx_word' id='word_1_74' title='bbox 515 1131 575 1180; x_wconf 86' lang='lat' dir='ltr'><strong>tres</strong></span> <span class='ocrx_word' id='word_1_75' title='bbox 586 1118 692 1200; x_wconf 92' lang='lat' dir='ltr'><strong>populi</strong></span> <span class='ocrx_word' id='word_1_76' title='bbox 704 1120 904 1179; x_wconf 86' lang='lat' dir='ltr'><strong>communiter</strong></span> <span class='ocrx_word' id='word_1_77' title='bbox 915 1121 1029 1181; x_wconf 81' lang='lat' dir='ltr'><strong>bellurn</strong></span> <span class='ocrx_word' id='word_1_78' title='bbox 1045 1119 1084 1182; x_wconf 91' lang='grc'><strong>10</strong></span> 
     </span>
     <span class='ocr_line' id='line_1_12' title="bbox 127 1200 1030 1282; baseline 0.002 -22"><span class='ocrx_word' id='word_1_79' title='bbox 127 1211 249 1282; x_wconf 84' lang='lat' dir='ltr'><strong>parant.</strong></span> <span class='ocrx_word' id='word_1_80' title='bbox 292 1200 358 1260; x_wconf 90' lang='lat' dir='ltr'><strong>Nec</strong></span> <span class='ocrx_word' id='word_1_81' title='bbox 371 1200 561 1261; x_wconf 77' lang='lat' dir='ltr'><strong>Crustumini</strong></span> <span class='ocrx_word' id='word_1_82' title='bbox 580 1201 702 1278; x_wconf 87' lang='lat' dir='ltr'><strong>quidem</strong></span> <span class='ocrx_word' id='word_1_83' title='bbox 724 1211 817 1279; x_wconf 87' lang='lat' dir='ltr'><strong>atque</strong></span> <span class='ocrx_word' id='word_1_84' title='bbox 830 1201 1030 1262; x_wconf 81' lang='lat' dir='ltr'><strong>Antemnates</strong></span> 
     </span>
     <span class='ocr_line' id='line_1_13' title="bbox 127 1280 1030 1360; baseline 0.001 -20"><span class='ocrx_word' id='word_1_85' title='bbox 127 1303 185 1360; x_wconf 91' lang='lat' dir='ltr'><strong>pro</strong></span> <span class='ocrx_word' id='word_1_86' title='bbox 213 1282 322 1341; x_wconf 87' lang='lat' dir='ltr'><strong>ardore</strong></span> <span class='ocrx_word' id='word_1_87' title='bbox 349 1282 454 1360; x_wconf 88' lang='lat' dir='ltr'><strong>iraque</strong></span> <span class='ocrx_word' id='word_1_88' title='bbox 483 1281 717 1341; x_wconf 84' lang='lat' dir='ltr'><strong>Caeninensium</strong></span> <span class='ocrx_word' id='word_1_89' title='bbox 752 1280 824 1340; x_wconf 90' lang='lat' dir='ltr'><strong>satis</strong></span> <span class='ocrx_word' id='word_1_90' title='bbox 852 1301 883 1340; x_wconf 89' lang='lat' dir='ltr'><strong>se</strong></span> <span class='ocrx_word' id='word_1_91' title='bbox 911 1282 1030 1360; x_wconf 87' lang='lat' dir='ltr'><strong>inpigre</strong></span> 
     </span>
     <span class='ocr_line' id='line_1_14' title="bbox 128 1360 1030 1440; baseline 0 -19"><span class='ocrx_word' id='word_1_92' title='bbox 128 1371 270 1434; x_wconf 86' lang='lat' dir='ltr'><strong>movent;</strong></span> <span class='ocrx_word' id='word_1_93' title='bbox 286 1362 330 1422; x_wconf 88' lang='lat' dir='ltr'><strong>ita</strong></span> <span class='ocrx_word' id='word_1_94' title='bbox 343 1381 397 1440; x_wconf 89' lang='lat' dir='ltr'><strong>per</strong></span> <span class='ocrx_word' id='word_1_95' title='bbox 410 1382 441 1421; x_wconf 86' lang='lat' dir='ltr'><strong>se</strong></span> <span class='ocrx_word' id='word_1_96' title='bbox 456 1361 556 1440; x_wconf 88' lang='lat' dir='ltr'><strong>ipsum</strong></span> <span class='ocrx_word' id='word_1_97' title='bbox 570 1381 679 1420; x_wconf 89' lang='lat' dir='ltr'><strong>nomen</strong></span> <span class='ocrx_word' id='word_1_98' title='bbox 693 1360 861 1420; x_wconf 83' lang='lat' dir='ltr'><strong>Caeninum</strong></span> <span class='ocrx_word' id='word_1_99' title='bbox 877 1362 908 1420; x_wconf 90' lang='lat' dir='ltr'><strong>in</strong></span> <span class='ocrx_word' id='word_1_100' title='bbox 923 1383 1030 1440; x_wconf 82' lang='lat' dir='ltr'><strong>agrum</strong></span> 
     </span>
     <span class='ocr_line' id='line_1_15' title="bbox 128 1441 1032 1521; baseline -0.002 -18"><span class='ocrx_word' id='word_1_101' title='bbox 128 1443 305 1503; x_wconf 85' lang='lat' dir='ltr'><strong>Romanum</strong></span> <span class='ocrx_word' id='word_1_102' title='bbox 320 1443 465 1521; x_wconf 88' lang='lat' dir='ltr'><strong>impetum</strong></span> <span class='ocrx_word' id='word_1_103' title='bbox 481 1442 562 1502; x_wconf 89' lang='lat' dir='ltr'><strong>facit.</strong></span> <span class='ocrx_word' id='word_1_104' title='bbox 604 1441 662 1501; x_wconf 80' lang='lat' dir='ltr'><strong>Sed</strong></span> <span class='ocrx_word' id='word_1_105' title='bbox 683 1441 775 1500; x_wconf 86' lang='lat' dir='ltr'><strong>effuse</strong></span> <span class='ocrx_word' id='word_1_106' title='bbox 789 1442 979 1501; x_wconf 84' lang='lat' dir='ltr'><strong>vastantibus</strong></span> <span class='ocrx_word' id='word_1_107' title='bbox 994 1443 1032 1502; x_wconf 87' lang='lat' dir='ltr'><strong>fit</strong></span> 
     </span>
     <span class='ocr_line' id='line_1_16' title="bbox 129 1520 1085 1599; baseline -0.001 -16"><span class='ocrx_word' id='word_1_108' title='bbox 129 1523 240 1584; x_wconf 90' lang='lat' dir='ltr'><strong>obvius</strong></span> <span class='ocrx_word' id='word_1_109' title='bbox 269 1544 338 1583; x_wconf 92' lang='lat' dir='ltr'><strong>cum</strong></span> <span class='ocrx_word' id='word_1_110' title='bbox 366 1523 501 1582; x_wconf 86' lang='lat' dir='ltr'><strong>exercitu</strong></span> <span class='ocrx_word' id='word_1_111' title='bbox 531 1521 689 1594; x_wconf 80' lang='lat' dir='ltr'><strong>Romulae,</strong></span> <span class='ocrx_word' id='word_1_112' title='bbox 718 1520 840 1599; x_wconf 89' lang='lat' dir='ltr'><strong>levique</strong></span> <span class='ocrx_word' id='word_1_113' title='bbox 867 1523 1031 1582; x_wconf 90' lang='lat' dir='ltr'><strong>certamine</strong></span> <span class='ocrx_word' id='word_1_114' title='bbox 1047 1523 1085 1582; x_wconf 80' lang='lat'><strong>15</strong></span> 
     </span>
     <span class='ocr_line' id='line_1_17' title="bbox 129 1599 1031 1674; baseline -0.001 -10"><span class='ocrx_word' id='word_1_115' title='bbox 129 1605 228 1674; x_wconf 85' lang='lat' dir='ltr'><strong>docet,</strong></span> <span class='ocrx_word' id='word_1_116' title='bbox 256 1625 368 1665; x_wconf 87' lang='lat' dir='ltr'><strong>vanam</strong></span> <span class='ocrx_word' id='word_1_117' title='bbox 396 1605 461 1662; x_wconf 89' lang='lat' dir='ltr'><strong>sine</strong></span> <span class='ocrx_word' id='word_1_118' title='bbox 488 1602 605 1664; x_wconf 85' lang='lat' dir='ltr'><strong>viribus</strong></span> <span class='ocrx_word' id='word_1_119' title='bbox 634 1601 711 1660; x_wconf 88' lang='lat' dir='ltr'><strong>iram</strong></span> <span class='ocrx_word' id='word_1_120' title='bbox 739 1621 809 1661; x_wconf 87' lang='lat' dir='ltr'><strong>esse.</strong></span> <span class='ocrx_word' id='word_1_121' title='bbox 850 1599 1031 1664; x_wconf 85' lang='lat' dir='ltr'><strong>Exercitum</strong></span> 
     </span>
     <span class='ocr_line' id='line_1_18' title="bbox 128 1681 1032 1764; baseline 0 -20"><span class='ocrx_word' id='word_1_122' title='bbox 128 1685 234 1744; x_wconf 83' lang='lat' dir='ltr'><strong>fundit</strong></span> <span class='ocrx_word' id='word_1_123' title='bbox 248 1684 403 1764; x_wconf 83' lang='lat' dir='ltr'><strong>fugatque,</strong></span> <span class='ocrx_word' id='word_1_124' title='bbox 415 1683 517 1742; x_wconf 86' lang='lat' dir='ltr'><strong>fusum</strong></span> <span class='ocrx_word' id='word_1_125' title='bbox 531 1681 738 1761; x_wconf 88' lang='lat' dir='ltr'><strong>persequitur;</strong></span> <span class='ocrx_word' id='word_1_126' title='bbox 754 1703 853 1760; x_wconf 88' lang='lat' dir='ltr'><strong>regem</strong></span> <span class='ocrx_word' id='word_1_127' title='bbox 870 1683 902 1741; x_wconf 90' lang='lat' dir='ltr'><strong>in</strong></span> <span class='ocrx_word' id='word_1_128' title='bbox 917 1684 1032 1762; x_wconf 84' lang='lat' dir='ltr'><strong>proclia</strong></span> 
     </span>
     <span class='ocr_line' id='line_1_19' title="bbox 129 1762 1032 1844; baseline -0.002 -18"><span class='ocrx_word' id='word_1_129' title='bbox 129 1765 296 1826; x_wconf 89' lang='lat' dir='ltr'><strong>obtruncat</strong></span> <span class='ocrx_word' id='word_1_130' title='bbox 322 1775 352 1824; x_wconf 87' lang='lat' dir='ltr'><strong>et</strong></span> <span class='ocrx_word' id='word_1_131' title='bbox 379 1764 506 1844; x_wconf 89' lang='lat' dir='ltr'><strong>spoliat;</strong></span> <span class='ocrx_word' id='word_1_132' title='bbox 535 1763 613 1822; x_wconf 90' lang='lat' dir='ltr'><strong>duce</strong></span> <span class='ocrx_word' id='word_1_133' title='bbox 639 1762 772 1822; x_wconf 86' lang='lat' dir='ltr'><strong>hostium</strong></span> <span class='ocrx_word' id='word_1_134' title='bbox 799 1762 897 1824; x_wconf 85' lang='lat' dir='ltr'><strong>occiso</strong></span> <span class='ocrx_word' id='word_1_135' title='bbox 919 1763 1032 1824; x_wconf 84' lang='lat' dir='ltr'><strong>urbem</strong></span> 
     </span>
     <span class='ocr_line' id='line_1_20' title="bbox 128 1845 1080 1925; baseline 0 -21"><span class='ocrx_word' id='word_1_136' title='bbox 128 1846 230 1925; x_wconf 87' lang='lat' dir='ltr'><strong>primo</strong></span> <span class='ocrx_word' id='word_1_137' title='bbox 252 1845 367 1924; x_wconf 88' lang='lat' dir='ltr'><strong>impetu</strong></span> <span class='ocrx_word' id='word_1_138' title='bbox 389 1845 479 1924; x_wconf 84' lang='lat' dir='ltr'><strong>capit.</strong></span> <span class='ocrx_word' id='word_1_139' title='bbox 1077 1849 1080 1854; x_wconf 87' lang='grc'><strong>’</strong></span> 
     </span>
    </p>

    <p class='ocr_par' dir='ltr' id='par_1_3' title="bbox 129 1922 1088 2806">
     <span class='ocr_line' id='line_1_21' title="bbox 172 1922 1088 2002; baseline 0.001 -18"><span class='ocrx_word' id='word_1_140' title='bbox 172 1925 250 1985; x_wconf 91' lang='lat' dir='ltr'><strong>Inde</strong></span> <span class='ocrx_word' id='word_1_141' title='bbox 270 1925 405 1986; x_wconf 86' lang='lat' dir='ltr'><strong>exercitu</strong></span> <span class='ocrx_word' id='word_1_142' title='bbox 420 1926 536 1986; x_wconf 83' lang='lat' dir='ltr'><strong>victore</strong></span> <span class='ocrx_word' id='word_1_143' title='bbox 556 1923 690 1997; x_wconf 85' lang='lat' dir='ltr'><strong>reducto,</strong></span> <span class='ocrx_word' id='word_1_144' title='bbox 705 1922 778 2002; x_wconf 87' lang='lat' dir='ltr'><strong>ipse,</strong></span> <span class='ocrx_word' id='word_1_145' title='bbox 793 1943 862 1984; x_wconf 88' lang='lat' dir='ltr'><strong>cum</strong></span> <span class='ocrx_word' id='word_1_146' title='bbox 880 1923 968 1984; x_wconf 88' lang='lat' dir='ltr'><strong>factis</strong></span> <span class='ocrx_word' id='word_1_147' title='bbox 983 1925 1031 1985; x_wconf 92' lang='lat' dir='ltr'><strong>vir</strong></span> <span class='ocrx_word' id='word_1_148' title='bbox 1047 1925 1088 1986; x_wconf 79' lang='grc'><strong>20</strong></span> 
     </span>
     <span class='ocr_line' id='line_1_22' title="bbox 129 2005 1032 2085; baseline -0.001 -19"><span class='ocrx_word' id='word_1_149' title='bbox 129 2006 311 2085; x_wconf 87' lang='lat' dir='ltr'><strong>magnificus</strong></span> <span class='ocrx_word' id='word_1_150' title='bbox 320 2016 385 2064; x_wconf 91' lang='lat' dir='ltr'><strong>tum</strong></span> <span class='ocrx_word' id='word_1_151' title='bbox 395 2007 545 2066; x_wconf 87' lang='lat' dir='ltr'><strong>factorum</strong></span> <span class='ocrx_word' id='word_1_152' title='bbox 557 2014 724 2065; x_wconf 86' lang='lat' dir='ltr'><strong>ostentator</strong></span> <span class='ocrx_word' id='word_1_153' title='bbox 734 2005 810 2066; x_wconf 88' lang='lat' dir='ltr'><strong>haut</strong></span> <span class='ocrx_word' id='word_1_154' title='bbox 818 2005 926 2078; x_wconf 87' lang='lat' dir='ltr'><strong>minor,</strong></span> <span class='ocrx_word' id='word_1_155' title='bbox 935 2005 1032 2084; x_wconf 88' lang='lat' dir='ltr'><strong>spolia</strong></span> 
     </span>
     <span class='ocr_line' id='line_1_23' title="bbox 130 2085 1034 2164; baseline 0 -18"><span class='ocrx_word' id='word_1_156' title='bbox 130 2087 219 2164; x_wconf 83' lang='lat' dir='ltr'><strong>ducis</strong></span> <span class='ocrx_word' id='word_1_157' title='bbox 243 2086 375 2146; x_wconf 91' lang='lat' dir='ltr'><strong>hostium</strong></span> <span class='ocrx_word' id='word_1_158' title='bbox 401 2087 479 2146; x_wconf 87' lang='lat' dir='ltr'><strong>caesi</strong></span> <span class='ocrx_word' id='word_1_159' title='bbox 502 2107 646 2164; x_wconf 86' lang='lat' dir='ltr'><strong>suspensa</strong></span> <span class='ocrx_word' id='word_1_160' title='bbox 669 2085 821 2145; x_wconf 87' lang='lat' dir='ltr'><strong>fabricato</strong></span> <span class='ocrx_word' id='word_1_161' title='bbox 844 2085 883 2144; x_wconf 87' lang='lat' dir='ltr'><strong>ad</strong></span> <span class='ocrx_word' id='word_1_162' title='bbox 905 2086 938 2146; x_wconf 94' lang='lat' dir='ltr'><strong>id</strong></span> <span class='ocrx_word' id='word_1_163' title='bbox 963 2096 1034 2164; x_wconf 88' lang='lat' dir='ltr'><strong>apte</strong></span> 
     </span>
     <span class='ocr_line' id='line_1_24' title="bbox 131 2165 1033 2246; baseline -0.001 -19"><span class='ocrx_word' id='word_1_164' title='bbox 131 2167 248 2228; x_wconf 85' lang='lat' dir='ltr'><strong>ferculo</strong></span> <span class='ocrx_word' id='word_1_165' title='bbox 263 2188 368 2246; x_wconf 86' lang='lat' dir='ltr'><strong>gerens</strong></span> <span class='ocrx_word' id='word_1_166' title='bbox 382 2166 415 2226; x_wconf 91' lang='lat' dir='ltr'><strong>iu</strong></span> <span class='ocrx_word' id='word_1_167' title='bbox 430 2165 617 2245; x_wconf 89' lang='lat' dir='ltr'><strong>Capitolium</strong></span> <span class='ocrx_word' id='word_1_168' title='bbox 638 2165 781 2239; x_wconf 78' lang='lat' dir='ltr'><strong>ascendit,</strong></span> <span class='ocrx_word' id='word_1_169' title='bbox 796 2165 899 2244; x_wconf 89' lang='lat' dir='ltr'><strong>ibique</strong></span> <span class='ocrx_word' id='word_1_170' title='bbox 913 2187 949 2226; x_wconf 90' lang='lat' dir='ltr'><strong>ea</strong></span> <span class='ocrx_word' id='word_1_171' title='bbox 963 2187 1033 2226; x_wconf 89' lang='lat' dir='ltr'><strong>cum</strong></span> 
     </span>
     <span class='ocr_line' id='line_1_25' title="bbox 131 2245 1032 2327; baseline -0.001 -20"><span class='ocrx_word' id='word_1_172' title='bbox 131 2248 172 2308; x_wconf 88' lang='lat' dir='ltr'><strong>ad</strong></span> <span class='ocrx_word' id='word_1_173' title='bbox 186 2268 331 2326; x_wconf 89' lang='lat' dir='ltr'><strong>quercum</strong></span> <span class='ocrx_word' id='word_1_174' title='bbox 345 2247 515 2327; x_wconf 83' lang='lat' dir='ltr'><strong>pastoribus</strong></span> <span class='ocrx_word' id='word_1_175' title='bbox 529 2267 646 2306; x_wconf 85' lang='lat' dir='ltr'><strong>sacram</strong></span> <span class='ocrx_word' id='word_1_176' title='bbox 661 2245 853 2324; x_wconf 83' lang='lat' dir='ltr'><strong>deposuisset,</strong></span> <span class='ocrx_word' id='word_1_177' title='bbox 863 2247 954 2306; x_wconf 84' lang='lat' dir='ltr'><strong>simul</strong></span> <span class='ocrx_word' id='word_1_178' title='bbox 963 2267 1032 2306; x_wconf 86' lang='lat' dir='ltr'><strong>cum</strong></span> 
     </span>
     <span class='ocr_line' id='line_1_26' title="bbox 132 2325 1088 2407; baseline -0.001 -19"><span class='ocrx_word' id='word_1_179' title='bbox 132 2329 213 2388; x_wconf 91' lang='lat' dir='ltr'><strong>dono</strong></span> <span class='ocrx_word' id='word_1_180' title='bbox 228 2328 400 2407; x_wconf 86' lang='lat' dir='ltr'><strong>designavit</strong></span> <span class='ocrx_word' id='word_1_181' title='bbox 414 2327 529 2406; x_wconf 90' lang='lat' dir='ltr'><strong>templo</strong></span> <span class='ocrx_word' id='word_1_182' title='bbox 543 2325 631 2388; x_wconf 67' lang='lat' dir='ltr'><strong>«lovis</strong></span> <span class='ocrx_word' id='word_1_183' title='bbox 652 2326 720 2385; x_wconf 90' lang='lat' dir='ltr'><strong>finis</strong></span> <span class='ocrx_word' id='word_1_184' title='bbox 741 2347 967 2406; x_wconf 86' lang='lat' dir='ltr'><strong>cognomenque</strong></span> <span class='ocrx_word' id='word_1_185' title='bbox 982 2328 1032 2386; x_wconf 87' lang='lat' dir='ltr'><strong>ad·</strong></span> <span class='ocrx_word' id='word_1_186' title='bbox 1047 2327 1088 2387; x_wconf 78' lang='lat'><strong>25</strong></span> 
     </span>
     <span class='ocr_line' id='line_1_27' title="bbox 132 2405 1033 2488; baseline -0.001 -20"><span class='ocrx_word' id='word_1_187' title='bbox 132 2409 214 2468; x_wconf 87' lang='lat' dir='ltr'><strong>didit</strong></span> <span class='ocrx_word' id='word_1_188' title='bbox 238 2407 304 2468; x_wconf 86' lang='lat' dir='ltr'><strong>deo.</strong></span> <span class='ocrx_word' id='word_1_189' title='bbox 348 2407 521 2488; x_wconf 75' lang='lat' dir='ltr'><strong>“luppiter</strong></span> <span class='ocrx_word' id='word_1_190' title='bbox 545 2405 691 2479; x_wconf 85' lang='lat' dir='ltr'><strong>Feretri,&#39;’</strong></span> <span class='ocrx_word' id='word_1_191' title='bbox 715 2406 825 2485; x_wconf 88' lang='lat' dir='ltr'><strong>iuquit,</strong></span> <span class='ocrx_word' id='word_1_192' title='bbox 852 2407 951 2467; x_wconf 86' lang='lat' dir='ltr'><strong>“haec</strong></span> <span class='ocrx_word' id='word_1_193' title='bbox 975 2408 1033 2468; x_wconf 88' lang='lat' dir='ltr'><strong>tibi</strong></span> 
     </span>
     <span class='ocr_line' id='line_1_28' title="bbox 131 2481 1033 2567; baseline -0.001 -18"><span class='ocrx_word' id='word_1_194' title='bbox 131 2481 233 2550; x_wconf 86' lang='lat' dir='ltr'><strong>victor</strong></span> <span class='ocrx_word' id='word_1_195' title='bbox 247 2489 396 2548; x_wconf 86' lang='lat' dir='ltr'><strong>Romulus</strong></span> <span class='ocrx_word' id='word_1_196' title='bbox 411 2509 465 2548; x_wconf 89' lang='lat' dir='ltr'><strong>rex</strong></span> <span class='ocrx_word' id='word_1_197' title='bbox 481 2488 564 2567; x_wconf 85' lang='lat' dir='ltr'><strong>regia</strong></span> <span class='ocrx_word' id='word_1_198' title='bbox 577 2508 663 2546; x_wconf 89' lang='lat' dir='ltr'><strong>arma</strong></span> <span class='ocrx_word' id='word_1_199' title='bbox 677 2486 749 2558; x_wconf 89' lang='lat' dir='ltr'><strong>fero,</strong></span> <span class='ocrx_word' id='word_1_200' title='bbox 764 2487 972 2566; x_wconf 84' lang='lat' dir='ltr'><strong>templumque</strong></span> <span class='ocrx_word' id='word_1_201' title='bbox 986 2488 1033 2548; x_wconf 90' lang='lat' dir='ltr'><strong>his</strong></span> 
     </span>
     <span class='ocr_line' id='line_1_29' title="bbox 131 2567 1033 2648; baseline 0 -20"><span class='ocrx_word' id='word_1_202' title='bbox 131 2569 317 2648; x_wconf 87' lang='lat' dir='ltr'><strong>regionibus,</strong></span> <span class='ocrx_word' id='word_1_203' title='bbox 333 2590 408 2648; x_wconf 87' lang='lat' dir='ltr'><strong>quas</strong></span> <span class='ocrx_word' id='word_1_204' title='bbox 432 2569 522 2628; x_wconf 91' lang='lat' dir='ltr'><strong>modo</strong></span> <span class='ocrx_word' id='word_1_205' title='bbox 546 2567 648 2627; x_wconf 89' lang='lat' dir='ltr'><strong>animo</strong></span> <span class='ocrx_word' id='word_1_206' title='bbox 673 2575 802 2626; x_wconf 83' lang='lat' dir='ltr'><strong>metatus</strong></span> <span class='ocrx_word' id='word_1_207' title='bbox 826 2588 901 2640; x_wconf 87' lang='lat' dir='ltr'><strong>sum,</strong></span> <span class='ocrx_word' id='word_1_208' title='bbox 917 2568 1033 2642; x_wconf 87' lang='lat' dir='ltr'><strong>dedico,</strong></span> 
     </span>
     <span class='ocr_line' id='line_1_30' title="bbox 131 2647 1033 2729; baseline -0.001 -20"><span class='ocrx_word' id='word_1_209' title='bbox 131 2651 234 2710; x_wconf 85' lang='lat' dir='ltr'><strong>sedem</strong></span> <span class='ocrx_word' id='word_1_210' title='bbox 256 2649 365 2728; x_wconf 89' lang='lat' dir='ltr'><strong>opimis</strong></span> <span class='ocrx_word' id='word_1_211' title='bbox 386 2648 500 2729; x_wconf 87' lang='lat' dir='ltr'><strong>spoliis,</strong></span> <span class='ocrx_word' id='word_1_212' title='bbox 517 2669 602 2727; x_wconf 89' lang='lat' dir='ltr'><strong>quae,</strong></span> <span class='ocrx_word' id='word_1_213' title='bbox 618 2647 738 2726; x_wconf 82' lang='lat' dir='ltr'><strong>regibus</strong></span> <span class='ocrx_word' id='word_1_214' title='bbox 760 2647 948 2727; x_wconf 88' lang='lat' dir='ltr'><strong>ducibusque</strong></span> <span class='ocrx_word' id='word_1_215' title='bbox 969 2648 1033 2709; x_wconf 87' lang='lat' dir='ltr'><strong>hos·</strong></span> 
     </span>
     <span class='ocr_line' id='line_1_31' title="bbox 131 2728 1087 2806; baseline 0 -16"><span class='ocrx_word' id='word_1_216' title='bbox 131 2732 210 2790; x_wconf 89' lang='lat' dir='ltr'><strong>tium</strong></span> <span class='ocrx_word' id='word_1_217' title='bbox 227 2731 329 2803; x_wconf 80' lang='lat' dir='ltr'><strong>caesia,</strong></span> <span class='ocrx_word' id='word_1_218' title='bbox 345 2751 393 2790; x_wconf 88' lang='lat' dir='ltr'><strong>me</strong></span> <span class='ocrx_word' id='word_1_219' title='bbox 408 2739 562 2789; x_wconf 85' lang='lat' dir='ltr'><strong>auctorem</strong></span> <span class='ocrx_word' id='word_1_220' title='bbox 577 2737 732 2806; x_wconf 89' lang='lat' dir='ltr'><strong>sequentes</strong></span> <span class='ocrx_word' id='word_1_221' title='bbox 747 2728 858 2806; x_wconf 86' lang='lat' dir='ltr'><strong>posteri</strong></span> <span class='ocrx_word' id='word_1_222' title='bbox 873 2729 999 2789; x_wconf 84' lang='lat' dir='ltr'><strong>l&#39;erent.&#39;’</strong></span> <span class='ocrx_word' id='word_1_223' title='bbox 1048 2729 1087 2790; x_wconf 90' lang='grc'><strong>30</strong></span> 
     </span>
    </p>

    <p class='ocr_par' dir='ltr' id='par_1_4' title="bbox 131 2807 1088 3352">
     <span class='ocr_line' id='line_1_32' title="bbox 172 2807 1032 2890; baseline 0.001 -20"><span class='ocrx_word' id='word_1_224' title='bbox 172 2811 262 2870; x_wconf 89' lang='lat' dir='ltr'><strong>Haec</strong></span> <span class='ocrx_word' id='word_1_225' title='bbox 276 2811 384 2890; x_wconf 87' lang='lat' dir='ltr'><strong>templi</strong></span> <span class='ocrx_word' id='word_1_226' title='bbox 398 2821 443 2870; x_wconf 88' lang='lat' dir='ltr'><strong>est</strong></span> <span class='ocrx_word' id='word_1_227' title='bbox 456 2809 550 2888; x_wconf 83' lang='lat' dir='ltr'><strong>origo,</strong></span> <span class='ocrx_word' id='word_1_228' title='bbox 566 2807 645 2887; x_wconf 93' lang='lat' dir='ltr'><strong>quod</strong></span> <span class='ocrx_word' id='word_1_229' title='bbox 667 2808 800 2886; x_wconf 87' lang='lat' dir='ltr'><strong>primum</strong></span> <span class='ocrx_word' id='word_1_230' title='bbox 821 2810 956 2870; x_wconf 89' lang='lat' dir='ltr'><strong>omnium</strong></span> <span class='ocrx_word' id='word_1_231' title='bbox 974 2810 1032 2871; x_wconf 87' lang='lat' dir='ltr'><strong>Ro·</strong></span> 
     </span>
     <span class='ocr_line' id='line_1_33' title="bbox 131 2888 1033 2960; baseline -0.002 -10"><span class='ocrx_word' id='word_1_232' title='bbox 131 2911 201 2950; x_wconf 91' lang='lat' dir='ltr'><strong>mae</strong></span> <span class='ocrx_word' id='word_1_233' title='bbox 214 2903 367 2951; x_wconf 88' lang='lat' dir='ltr'><strong>sacratum</strong></span> <span class='ocrx_word' id='word_1_234' title='bbox 382 2900 434 2951; x_wconf 81' lang='lat' dir='ltr'><strong>est.</strong></span> <span class='ocrx_word' id='word_1_235' title='bbox 477 2890 526 2949; x_wconf 91' lang='lat' dir='ltr'><strong>lta</strong></span> <span class='ocrx_word' id='word_1_236' title='bbox 537 2888 646 2948; x_wconf 86' lang='lat' dir='ltr'><strong>deinde</strong></span> <span class='ocrx_word' id='word_1_237' title='bbox 657 2888 714 2946; x_wconf 89' lang='lat' dir='ltr'><strong>diis</strong></span> <span class='ocrx_word' id='word_1_238' title='bbox 726 2889 832 2960; x_wconf 87' lang='lat' dir='ltr'><strong>visum,</strong></span> <span class='ocrx_word' id='word_1_239' title='bbox 843 2909 897 2948; x_wconf 89' lang='lat' dir='ltr'><strong>nec</strong></span> <span class='ocrx_word' id='word_1_240' title='bbox 908 2891 1033 2950; x_wconf 90' lang='lat' dir='ltr'><strong>inritam</strong></span> 
     </span>
     <span class='ocr_line' id='line_1_34' title="bbox 133 2968 1034 3050; baseline 0 -20"><span class='ocrx_word' id='word_1_241' title='bbox 133 2971 300 3031; x_wconf 92' lang='lat' dir='ltr'><strong>conditoris</strong></span> <span class='ocrx_word' id='word_1_242' title='bbox 321 2971 427 3050; x_wconf 90' lang='lat' dir='ltr'><strong>templi</strong></span> <span class='ocrx_word' id='word_1_243' title='bbox 451 2991 554 3031; x_wconf 92' lang='lat' dir='ltr'><strong>vocem</strong></span> <span class='ocrx_word' id='word_1_244' title='bbox 577 2989 647 3040; x_wconf 87' lang='lat' dir='ltr'><strong>esse,</strong></span> <span class='ocrx_word' id='word_1_245' title='bbox 671 2987 732 3045; x_wconf 86' lang='lat' dir='ltr'><strong>qua</strong></span> <span class='ocrx_word' id='word_1_246' title='bbox 746 2968 860 3029; x_wconf 87' lang='lat' dir='ltr'><strong>laturos</strong></span> <span class='ocrx_word' id='word_1_247' title='bbox 882 2991 916 3029; x_wconf 88' lang='lat' dir='ltr'><strong>ec</strong></span> <span class='ocrx_word' id='word_1_248' title='bbox 936 2971 1034 3048; x_wconf 89' lang='lat' dir='ltr'><strong>spolia</strong></span> 
     </span>
     <span class='ocr_line' id='line_1_35' title="bbox 132 3048 1034 3130; baseline 0 -20"><span class='ocrx_word' id='word_1_249' title='bbox 132 3062 268 3129; x_wconf 85' lang='lat' dir='ltr'><strong>posteros</strong></span> <span class='ocrx_word' id='word_1_250' title='bbox 282 3053 481 3130; x_wconf 88' lang='lat' dir='ltr'><strong>nuncupavit,</strong></span> <span class='ocrx_word' id='word_1_251' title='bbox 496 3071 552 3109; x_wconf 88' lang='lat' dir='ltr'><strong>nec</strong></span> <span class='ocrx_word' id='word_1_252' title='bbox 573 3048 772 3108; x_wconf 86' lang='lat' dir='ltr'><strong>multitudine</strong></span> <span class='ocrx_word' id='word_1_253' title='bbox 791 3060 954 3127; x_wconf 85' lang='lat' dir='ltr'><strong>conpotum</strong></span> <span class='ocrx_word' id='word_1_254' title='bbox 971 3052 1034 3130; x_wconf 86' lang='lat' dir='ltr'><strong>ejus</strong></span> 
     </span>
     <span class='ocr_line' id='line_1_36' title="bbox 134 3129 1088 3210; baseline -0.002 -20"><span class='ocrx_word' id='word_1_255' title='bbox 134 3132 206 3190; x_wconf 87' lang='lat' dir='ltr'><strong>doni</strong></span> <span class='ocrx_word' id='word_1_256' title='bbox 221 3131 343 3210; x_wconf 88' lang='lat' dir='ltr'><strong>vulgari</strong></span> <span class='ocrx_word' id='word_1_257' title='bbox 364 3131 494 3192; x_wconf 87' lang='lat' dir='ltr'><strong>laudem.</strong></span> <span class='ocrx_word' id='word_1_258' title='bbox 537 3129 619 3189; x_wconf 90' lang='lat' dir='ltr'><strong>Bina</strong></span> <span class='ocrx_word' id='word_1_259' title='bbox 633 3139 746 3208; x_wconf 88' lang='lat' dir='ltr'><strong>postea,</strong></span> <span class='ocrx_word' id='word_1_260' title='bbox 765 3129 844 3188; x_wconf 84' lang='lat' dir='ltr'><strong>inter</strong></span> <span class='ocrx_word' id='word_1_261' title='bbox 865 3141 912 3189; x_wconf 86' lang='lat' dir='ltr'><strong>tot</strong></span> <span class='ocrx_word' id='word_1_262' title='bbox 928 3151 1034 3204; x_wconf 82' lang='lat' dir='ltr'><strong>annua,</strong></span> <span class='ocrx_word' id='word_1_263' title='bbox 1050 3129 1088 3189; x_wconf 82' lang='lat'><strong>35</strong></span> 
     </span>
     <span class='ocr_line' id='line_1_37' title="bbox 134 3209 1035 3291; baseline 0 -21"><span class='ocrx_word' id='word_1_264' title='bbox 134 3220 181 3270; x_wconf 86' lang='lat' dir='ltr'><strong>tot</strong></span> <span class='ocrx_word' id='word_1_265' title='bbox 204 3211 295 3284; x_wconf 89' lang='lat' dir='ltr'><strong>bella,</strong></span> <span class='ocrx_word' id='word_1_266' title='bbox 311 3212 413 3291; x_wconf 91' lang='lat' dir='ltr'><strong>opima</strong></span> <span class='ocrx_word' id='word_1_267' title='bbox 438 3221 527 3290; x_wconf 86' lang='lat' dir='ltr'><strong>parta</strong></span> <span class='ocrx_word' id='word_1_268' title='bbox 551 3220 622 3270; x_wconf 86' lang='lat' dir='ltr'><strong>sunt</strong></span> <span class='ocrx_word' id='word_1_269' title='bbox 647 3209 760 3288; x_wconf 89' lang='lat' dir='ltr'><strong>spolia:</strong></span> <span class='ocrx_word' id='word_1_270' title='bbox 782 3211 858 3270; x_wconf 77' lang='lat' dir='ltr'><strong>adeo</strong></span> <span class='ocrx_word' id='word_1_271' title='bbox 880 3231 950 3268; x_wconf 88' lang='lat' dir='ltr'><strong>rara</strong></span> <span class='ocrx_word' id='word_1_272' title='bbox 971 3212 1035 3288; x_wconf 89' lang='lat' dir='ltr'><strong>ejus</strong></span> 
     </span>
     <span class='ocr_line' id='line_1_38' title="bbox 135 3291 480 3352; baseline 0.003 -2"><span class='ocrx_word' id='word_1_273' title='bbox 135 3291 259 3352; x_wconf 84' lang='lat' dir='ltr'><strong>fortuna</strong></span> <span class='ocrx_word' id='word_1_274' title='bbox 279 3292 394 3352; x_wconf 87' lang='lat' dir='ltr'><strong>decoris</strong></span> <span class='ocrx_word' id='word_1_275' title='bbox 414 3293 480 3351; x_wconf 86' lang='lat' dir='ltr'><strong>fuit.</strong></span> 
     </span>
    </p>

    <p class='ocr_par' dir='ltr' id='par_1_5' title="bbox 138 3367 1036 3532">
     <span class='ocr_line' id='line_1_39' title="bbox 175 3367 1036 3447; baseline -0.007 -16"><span class='ocrx_word' id='word_1_276' title='bbox 175 3372 236 3432; x_wconf 91' lang='lat' dir='ltr'><strong>Xl.</strong></span> <span class='ocrx_word' id='word_1_277' title='bbox 279 3371 364 3432; x_wconf 88' lang='lat' dir='ltr'><strong>Dum</strong></span> <span class='ocrx_word' id='word_1_278' title='bbox 385 3393 421 3432; x_wconf 86' lang='lat' dir='ltr'><strong>ea</strong></span> <span class='ocrx_word' id='word_1_279' title='bbox 445 3372 489 3431; x_wconf 89' lang='lat' dir='ltr'><strong>ibi</strong></span> <span class='ocrx_word' id='word_1_280' title='bbox 512 3369 645 3430; x_wconf 83' lang='lat' dir='ltr'><strong>Romani</strong></span> <span class='ocrx_word' id='word_1_281' title='bbox 668 3377 786 3447; x_wconf 86' lang='lat' dir='ltr'><strong>gerunt,</strong></span> <span class='ocrx_word' id='word_1_282' title='bbox 802 3367 1036 3428; x_wconf 86' lang='lat' dir='ltr'><strong>Antemnatium</strong></span> 
     </span>
     <span class='ocr_line' id='line_1_40' title="bbox 138 3447 1036 3532; baseline -0.007 -22"><span class='ocrx_word' id='word_1_283' title='bbox 138 3453 289 3513; x_wconf 86' lang='lat' dir='ltr'><strong>exercitus</strong></span> <span class='ocrx_word' id='word_1_284' title='bbox 303 3474 357 3532; x_wconf 83' lang='lat' dir='ltr'><strong>per</strong></span> <span class='ocrx_word' id='word_1_285' title='bbox 371 3453 559 3512; x_wconf 87' lang='lat' dir='ltr'><strong>occasionem</strong></span> <span class='ocrx_word' id='word_1_286' title='bbox 574 3471 610 3510; x_wconf 87' lang='lat' dir='ltr'><strong>ac</strong></span> <span class='ocrx_word' id='word_1_287' title='bbox 624 3448 819 3508; x_wconf 89' lang='lat' dir='ltr'><strong>solitudinem</strong></span> <span class='ocrx_word' id='word_1_288' title='bbox 839 3447 990 3506; x_wconf 83' lang='lat' dir='ltr'><strong>hostiliter</strong></span> <span class='ocrx_word' id='word_1_289' title='bbox 1004 3447 1036 3504; x_wconf 85' lang='lat' dir='ltr'><strong>in</strong></span> 
     </span>
    </p>
   </div>
   <div class='ocr_carea' id='block_1_3' title="bbox 0 0 1277 3784">
    <p class='ocr_par' dir='ltr' id='par_1_6' title="bbox 0 0 1277 3784">
     <span class='ocr_line' id='line_1_41' title="bbox 0 0 1277 3784; baseline 0 0"><span class='ocrx_word' id='word_1_290' title='bbox 0 0 1277 3784; x_wconf 95' lang='lat' dir='ltr'><strong> </strong></span> 
     </span>
    </p>
   </div>
  </div>
 </body>
</html>
