2520 3784
191 225 235 288 80
372 239 461 285 rrrr
487 238 584 285 n1v1
610 237 664 284 Aa
690 236 805 286 vass
834 236 1026 284 conarri

245 393 395 456 Collatiae
423 395 553 466 fecerat3
575 415 645 473 ergo
673 415 712 454 ex
740 393 881 454 omnibus
904 392 980 453 locis
1004 393 1092 456 urbis
1117 396 1150 454 in

244 475 342 536 forum
365 476 505 536 curritur.
548 475 618 551 Quo
639 473 729 534 simul
752 483 875 534 ventum
898 483 950 545 est,
972 493 1084 552 praeco
1111 475 1150 534 ad
1215 503 1217 508 ’

244 555 402 618 tribunum
432 554 582 626 Celerum,
610 554 644 614 in
670 575 730 632 quo
758 562 824 614 tum
852 554 1034 632 magistratu
1070 555 1150 614 furt'e

245 635 359 696 Brutus
378 645 452 708 erat,
467 634 613 713 populum
634 634 806 696 advocavit.
839 633 898 694 ·lbi
920 634 1018 694 oratio
1040 634 1150 694 habita

212 718 231 778 5
245 735 436 795 nequaquam
450 715 514 795 ejus
528 717 658 794 pectoris
672 716 856 795 ingeniique,
871 713 951 792 quod
966 714 1148 775 simulatum

244 797 284 856 ad
299 817 364 856 eam
381 795 460 856 diem
475 796 584 870 fuerat,
599 797 683 858 dcvi
698 817 733 856 ac
748 795 876 855 libidine
890 794 959 854 Sex.
975 793 1146 873 Tarquinii,
1172 859 1175 866 ,
1237 803 1244 812 “

245 876 282 937 de
303 887 407 956 stupro
427 876 553 937 infando
575 877 736 937 Lucretiae
757 885 787 936 et
807 873 973 936 miserabili
993 875 1094 947 caede,
1109 875 1147 934 de

244 957 374 1018 orbitate
388 957 570 1036 Tricipitini,
586 957 635 1017 cui
649 965 746 1018 morte
763 955 845 1015 filiae
864 975 955 1015 causa
975 955 1081 1015 mortis
1103 956 1145 1014 in·

245 1037 365 1116 dignior
379 1059 415 1098 ac
430 1037 629 1098 miserabilior
642 1046 725 1097 esset.
767 1035 886 1116 Addita
897 1035 1040 1113 superbia
1051 1035 1144 1114 ipsius

192 1119 231 1181 10
243 1119 331 1196 regis,
346 1119 542 1196 miseriaeque
556 1127 586 1177 ct
601 1117 718 1177 labores
737 1115 835 1196 plebis
853 1117 885 1175 in
904 1116 996 1176 fossas
1014 1115 1144 1176 cloacas

245 1219 302 1277 que
316 1199 539 1258 exhauriendas
554 1198 724 1270 demersae;
747 1197 901 1257 Romanos
922 1196 1067 1268 homines,
1083 1197 1143 1258 vic·

243 1288 323 1338 tores
344 1279 479 1338 omnium
500 1279 581 1338 circa
602 1278 793 1357 populorum,
809 1277 929 1356 opifices
944 1297 979 1336 ac
994 1277 1143 1355 lapicidas

244 1379 299 1438 pro
321 1358 518 1418 bellatoribus
539 1359 643 1418 i'actos.
685 1358 819 1437 Indigna
843 1357 931 1418 Servi
956 1357 1039 1416 Tulli
1065 1358 1143 1436 regis

244 1447 411 1500 memorata
432 1439 540 1512 caedis,
561 1449 591 1499 et
611 1439 733 1500 invecta
754 1438 874 1518 corpori
894 1437 990 1516 patris
1010 1438 1143 1500 nefando

191 1521 230 1581 15
245 1520 384 1581 vehiculo
396 1519 467 1591 filia,
478 1520 672 1598 invocatique
685 1519 797 1579 ultores
813 1529 973 1598 parentum
988 1518 1040 1577 dii.
1083 1518 1142 1578 His

243 1600 510 1678 atrocioribusque,
538 1600 637 1672 credo,
665 1598 743 1673 aliis,
767 1619 846 1678 quae
872 1619 1013 1678 praesens
1040 1619 1140 1658 rerum

243 1680 409 1760 indignitas
432 1680 668 1760 haudquaquam
692 1680 790 1740 relatu
813 1679 1012 1758 scriptoribus
1036 1679 1143 1740 facilia

243 1761 362 1834 subicit,
377 1763 558 1834 memoratis,
574 1761 728 1821 incensam
748 1759 977 1820 multitudinem
998 1760 1141 1838 perpulit,

243 1851 279 1901 ut
292 1842 453 1920 imperium
468 1842 531 1920 regi
546 1841 706 1920 abrogaret
719 1840 884 1920 exulesque
898 1860 960 1901 esse
970 1840 1091 1920 juberet
1105 1841 1141 1901 L.

190 1922 229 1982 20
243 1921 444 2001 Tarquinium
455 1943 524 1982 curn
536 1923 663 2002 conjuge
676 1941 712 1982 ac
727 1921 838 1982 liberis.
880 1921 950 2000 lpse
959 1921 1142 2000 junioribus,

243 2003 296 2081 qui
317 2003 399 2062 ultro
420 2005 543 2063 nomina
564 2001 689 2076 dabant,
704 2002 789 2062 lectis
810 2001 1004 2080 armatisque,
1020 2001 1059 2060 ad
1075 2022 1142 2061 con-

243 2083 402 2148 citandum
416 2083 487 2143 inde
501 2082 645 2142 adversus
659 2103 760 2161 regem
775 2083 942 2143 exercitum
958 2081 1095 2141 Ardeam
1111 2081 1142 2140 iu

244 2173 343 2223 castra
371 2173 415 2224 est
443 2163 609 2242 profectus3
635 2163 795 2241 imperium
825 2163 857 2222 in
885 2161 960 2222 urbe
989 2161 1142 2234 Lucretio,

243 2243 396 2322 praelecto
411 2244 494 2304 urbis
510 2245 574 2323 jam
596 2253 667 2303 ante
684 2243 724 2303 ab
739 2263 809 2322 rege
822 2243 971 2314 instituto,
987 2241 1141 2320 relinquit.

189 2323 329 2384 251nter
353 2323 435 2384 hunc
461 2323 628 2384 tumultum
653 2323 757 2383 Tullia
781 2323 871 2383 domo
893 2323 1037 2402 profugit,
1059 2343 1142 2382 exse·

243 2404 407 2478 crantibus,
422 2424 613 2483 quacumque
627 2404 795 2476 incedebat,
807 2403 1079 2482 invocantibusque
1093 2423 1143 2482 pa·

141 2525 143 2528 -
243 2494 362 2545 rentum
385 2485 480 2544 furias
500 2485 574 2545 viris
596 2485 841 2564 mulieribusque.

283 2566 354 2626 LX.
395 2565 518 2625 Harum
530 2585 630 2624 rerum
642 2565 756 2624 nuntiis
771 2565 802 2623 in
817 2573 917 2625 castra
931 2563 1065 2643 perlatis,
1075 2584 1142 2624 cum

243 2667 276 2706 re
300 2667 380 2707 nova
404 2645 540 2725 trepidus
563 2666 618 2704 rex
641 2653 779 2724 pergeret
804 2645 934 2705 Romam
955 2644 995 2704 ad
1016 2645 1143 2724 compri-

190 2726 230 2788 30
243 2727 367 2788 mendos
394 2735 501 2799 motus,
527 2725 614 2785 flexit
636 2725 719 2785 viam
748 2725 863 2784 Brutus
893 2729 1039 2802 (senserat
1063 2727 1143 2784 enim

243 2809 435 2884 adventum),
450 2827 487 2866 ne
502 2805 609 2866 obvius
623 2805 724 2876 fieret;
746 2805 910 2884 eodemque
924 2805 986 2864 fere
1000 2813 1143 2884 tempore,

243 2889 370 2950 diversis
391 2887 559 2957 itineribus,
581 2885 695 2944 Brutus
715 2885 861 2958 Ardeam,
880 2885 1064 2964 Tarquinius
1086 2885 1144 2945 Ro-

243 2989 323 3028 mam
345 2977 504 3030 venerunt.
546 2965 712 3044 Tarquinio
736 2965 856 3024 clausae
879 2975 984 3044 portae
1004 2964 1144 3024 exilium·

243 3070 302 3129 que
321 3049 487 3119 indictum;
509 3045 703 3106 liberatorem
727 3045 811 3104 urbis
835 3044 917 3105 laeta
941 3054 1041 3104 castra
1062 3065 1144 3104 acce·

189 3130 228 3192 35
242 3149 322 3210 pere,
337 3129 498 3206 exactique
520 3127 590 3185 inde
612 3125 701 3184 liberi
722 3126 818 3203 regis:
840 3126 901 3185 duo
915 3136 1034 3204 patrem
1048 3126 1144 3185 secuti

242 3219 323 3282 sunt,
338 3209 390 3287 qui
405 3208 564 3266 exulatum
579 3205 674 3266 Caere
688 3205 720 3263 in
735 3205 880 3266 Etruscos
895 3206 996 3266 ierunt
1004 3226 1011 3276 ;
1033 3204 1144 3266 Sextus

242 3289 427 3369 Tarquinius
442 3286 566 3359 Gabios
579 3294 737 3364 tamquam
758 3286 790 3344 in
811 3305 900 3346 suurn
921 3305 1059 3366 regnum,
1076 3305 1143 3364 pro-
