<?xml version="1.0" encoding="UTF-8"?>
<!DOCTYPE html PUBLIC "-//W3C//DTD XHTML 1.0 Transitional//EN"
    "http://www.w3.org/TR/xhtml1/DTD/xhtml1-transitional.dtd">
<html xmlns="http://www.w3.org/1999/xhtml" xml:lang="en" lang="en">
 <head>
  <title>
</title>
<meta http-equiv="Content-Type" content="text/html;charset=utf-8" />
  <meta name='ocr-system' content='tesseract 3.04.00' />
  <meta name='ocr-capabilities' content='ocr_page ocr_carea ocr_par ocr_line ocrx_word'/>
</head>
<body>
  <div class='ocr_page' id='page_1' title='image "./historieslivybo01chasgoog_0174.png"; bbox 0 0 2568 3782; ppageno 0'>
   <div class='ocr_carea' id='block_1_1' title="bbox 407 263 1117 346">
    <p class='ocr_par' dir='ltr' id='par_1_1' title="bbox 407 263 1117 346">
     <span class='ocr_line' id='line_1_1' title="bbox 407 263 1117 346; baseline 0 -17"><span class='ocrx_word' id='word_1_1' title='bbox 407 283 540 330; x_wconf 78' lang='lat' dir='ltr'><strong>mana</strong></span> <span class='ocrx_word' id='word_1_2' title='bbox 566 284 682 346; x_wconf 78' lang='lat' dir='ltr'><strong>xxii,</strong></span> <span class='ocrx_word' id='word_1_3' title='bbox 711 267 840 329; x_wconf 76' lang='lat'>24-25.</span> <span class='ocrx_word' id='word_1_4' title='bbox 1054 263 1117 329; x_wconf 87' lang='grc'><strong>169</strong></span> 
     </span>
    </p>
   </div>
   <div class='ocr_carea' id='block_1_2' title="bbox 110 438 1162 3336">
    <p class='ocr_par' dir='ltr' id='par_1_2' title="bbox 110 438 1120 1723">
     <span class='ocr_line' id='line_1_2' title="bbox 164 438 1065 520; baseline -0.003 -19"><span class='ocrx_word' id='word_1_5' title='bbox 164 441 290 520; x_wconf 91' lang='lat' dir='ltr'><strong>quidam</strong></span> <span class='ocrx_word' id='word_1_6' title='bbox 325 449 463 500; x_wconf 82' lang='lat' dir='ltr'><strong>auctores</strong></span> <span class='ocrx_word' id='word_1_7' title='bbox 496 449 583 500; x_wconf 86' lang='lat' dir='ltr'><strong>sunt:</strong></span> <span class='ocrx_word' id='word_1_8' title='bbox 618 440 716 518; x_wconf 90' lang='lat' dir='ltr'><strong>primo</strong></span> <span class='ocrx_word' id='word_1_9' title='bbox 750 459 897 500; x_wconf 82' lang='lat' dir='ltr'><strong>concursu</strong></span> <span class='ocrx_word' id='word_1_10' title='bbox 928 438 1065 500; x_wconf 90' lang='lat' dir='ltr'><strong>Poenum</strong></span> 
     </span>
     <span class='ocr_line' id='line_1_3' title="bbox 164 521 1067 600; baseline -0.003 -19"><span class='ocrx_word' id='word_1_11' title='bbox 164 541 259 600; x_wconf 89' lang='lat' dir='ltr'><strong>usque</strong></span> <span class='ocrx_word' id='word_1_12' title='bbox 274 521 313 580; x_wconf 88' lang='lat' dir='ltr'><strong>ad</strong></span> <span class='ocrx_word' id='word_1_13' title='bbox 329 533 428 581; x_wconf 88' lang='lat' dir='ltr'><strong>castra</strong></span> <span class='ocrx_word' id='word_1_14' title='bbox 442 521 562 592; x_wconf 81' lang='lat' dir='ltr'><strong>l&#39;usum3</strong></span> <span class='ocrx_word' id='word_1_15' title='bbox 584 521 655 580; x_wconf 91' lang='lat' dir='ltr'><strong>inde</strong></span> <span class='ocrx_word' id='word_1_16' title='bbox 675 521 833 598; x_wconf 83' lang='lat' dir='ltr'><strong>eruptione</strong></span> <span class='ocrx_word' id='word_1_17' title='bbox 846 521 928 580; x_wconf 85' lang='lat' dir='ltr'><strong>l&#39;acta</strong></span> <span class='ocrx_word' id='word_1_18' title='bbox 942 529 1067 598; x_wconf 86' lang='lat' dir='ltr'><strong>repente</strong></span> 
     </span>
     <span class='ocr_line' id='line_1_4' title="bbox 163 599 1066 673; baseline -0.004 -11"><span class='ocrx_word' id='word_1_19' title='bbox 163 622 285 663; x_wconf 84' lang='lat' dir='ltr'><strong>versum</strong></span> <span class='ocrx_word' id='word_1_20' title='bbox 300 611 445 661; x_wconf 88' lang='lat' dir='ltr'><strong>terrorem</strong></span> <span class='ocrx_word' id='word_1_21' title='bbox 460 602 491 661; x_wconf 91' lang='lat' dir='ltr'><strong>iu</strong></span> <span class='ocrx_word' id='word_1_22' title='bbox 507 601 680 673; x_wconf 86' lang='lat' dir='ltr'><strong>Romanos;</strong></span> <span class='ocrx_word' id='word_1_23' title='bbox 702 601 830 660; x_wconf 84' lang='lat' dir='ltr'><strong>Numeri</strong></span> <span class='ocrx_word' id='word_1_24' title='bbox 846 600 965 660; x_wconf 87' lang='lat' dir='ltr'><strong>Decimi</strong></span> <span class='ocrx_word' id='word_1_25' title='bbox 982 599 1066 660; x_wconf 82' lang='lat' dir='ltr'><strong>Sam·</strong></span> 
     </span>
     <span class='ocr_line' id='line_1_5' title="bbox 164 680 1065 759; baseline 0 -19"><span class='ocrx_word' id='word_1_26' title='bbox 164 683 237 741; x_wconf 86' lang='lat' dir='ltr'><strong>uitis</strong></span> <span class='ocrx_word' id='word_1_27' title='bbox 258 681 367 741; x_wconf 89' lang='lat' dir='ltr'><strong>deinde</strong></span> <span class='ocrx_word' id='word_1_28' title='bbox 389 682 561 742; x_wconf 90' lang='lat' dir='ltr'><strong>interventu</strong></span> <span class='ocrx_word' id='word_1_29' title='bbox 583 681 731 759; x_wconf 91' lang='lat' dir='ltr'><strong>proelium</strong></span> <span class='ocrx_word' id='word_1_30' title='bbox 746 681 928 742; x_wconf 89' lang='lat' dir='ltr'><strong>restitutum.</strong></span> <span class='ocrx_word' id='word_1_31' title='bbox 970 680 1065 740; x_wconf 88' lang='lat' dir='ltr'><strong>Hunc</strong></span> 
     </span>
     <span class='ocr_line' id='line_1_6' title="bbox 164 759 1120 840; baseline 0.002 -20"><span class='ocrx_word' id='word_1_32' title='bbox 164 761 333 840; x_wconf 89' lang='lat' dir='ltr'><strong>principem</strong></span> <span class='ocrx_word' id='word_1_33' title='bbox 347 781 456 840; x_wconf 87' lang='lat' dir='ltr'>genere</span> <span class='ocrx_word' id='word_1_34' title='bbox 469 782 504 821; x_wconf 89' lang='lat' dir='ltr'><strong>ac</strong></span> <span class='ocrx_word' id='word_1_35' title='bbox 519 761 636 822; x_wconf 85' lang='lat' dir='ltr'><strong>divitiis</strong></span> <span class='ocrx_word' id='word_1_36' title='bbox 650 782 710 822; x_wconf 90' lang='lat' dir='ltr'><strong>non</strong></span> <span class='ocrx_word' id='word_1_37' title='bbox 727 761 857 820; x_wconf 88' lang='lat' dir='ltr'><strong>Boviani</strong></span> <span class='ocrx_word' id='word_1_38' title='bbox 873 761 970 833; x_wconf 90' lang='lat' dir='ltr'><strong>modo,</strong></span> <span class='ocrx_word' id='word_1_39' title='bbox 985 759 1066 820; x_wconf 90' lang='lat' dir='ltr'><strong>unde</strong></span> <span class='ocrx_word' id='word_1_40' title='bbox 1100 761 1120 822; x_wconf 84' lang='lat'><strong>5</strong></span> 
     </span>
     <span class='ocr_line' id='line_1_7' title="bbox 110 841 1066 921; baseline -0.001 -20"><span class='ocrx_word' id='word_1_41' title='bbox 110 911 112 915; x_wconf 86' lang='lat'>.</span> <span class='ocrx_word' id='word_1_42' title='bbox 164 855 237 913; x_wconf 89' lang='lat' dir='ltr'><strong>erat,</strong></span> <span class='ocrx_word' id='word_1_43' title='bbox 266 841 319 900; x_wconf 90' lang='lat' dir='ltr'><strong>sed</strong></span> <span class='ocrx_word' id='word_1_44' title='bbox 347 851 410 902; x_wconf 91' lang='lat' dir='ltr'><strong>toto</strong></span> <span class='ocrx_word' id='word_1_45' title='bbox 438 841 571 913; x_wconf 86' lang='lat' dir='ltr'><strong>Samnio,</strong></span> <span class='ocrx_word' id='word_1_46' title='bbox 592 843 677 921; x_wconf 90' lang='lat' dir='ltr'><strong>jussu</strong></span> <span class='ocrx_word' id='word_1_47' title='bbox 702 841 860 900; x_wconf 88' lang='lat' dir='ltr'><strong>dictatoris</strong></span> <span class='ocrx_word' id='word_1_48' title='bbox 884 849 951 900; x_wconf 89' lang='lat' dir='ltr'><strong>octo</strong></span> <span class='ocrx_word' id='word_1_49' title='bbox 981 841 1066 900; x_wconf 83' lang='lat' dir='ltr'><strong>inilia</strong></span> 
     </span>
     <span class='ocr_line' id='line_1_8' title="bbox 165 920 1065 1001; baseline -0.001 -20"><span class='ocrx_word' id='word_1_50' title='bbox 165 922 302 1001; x_wconf 87' lang='lat' dir='ltr'><strong>pediturn</strong></span> <span class='ocrx_word' id='word_1_51' title='bbox 323 931 353 980; x_wconf 91' lang='lat' dir='ltr'><strong>et</strong></span> <span class='ocrx_word' id='word_1_52' title='bbox 373 922 488 1001; x_wconf 84' lang='lat' dir='ltr'><strong>equites</strong></span> <span class='ocrx_word' id='word_1_53' title='bbox 513 921 694 1000; x_wconf 84' lang='lat' dir='ltr'><strong>quingentos</strong></span> <span class='ocrx_word' id='word_1_54' title='bbox 718 920 878 980; x_wconf 89' lang='lat' dir='ltr'><strong>ducentem</strong></span> <span class='ocrx_word' id='word_1_55' title='bbox 901 921 934 979; x_wconf 89' lang='lat' dir='ltr'><strong>in</strong></span> <span class='ocrx_word' id='word_1_56' title='bbox 957 929 1065 993; x_wconf 85' lang='lat' dir='ltr'><strong>castra,</strong></span> 
     </span>
     <span class='ocr_line' id='line_1_9' title="bbox 164 1000 1065 1080; baseline -0.001 -19"><span class='ocrx_word' id='word_1_57' title='bbox 164 1002 203 1061; x_wconf 90' lang='lat' dir='ltr'><strong>ab</strong></span> <span class='ocrx_word' id='word_1_58' title='bbox 224 1011 309 1080; x_wconf 86' lang='lat' dir='ltr'><strong>tergo</strong></span> <span class='ocrx_word' id='word_1_59' title='bbox 330 1021 399 1061; x_wconf 89' lang='lat' dir='ltr'><strong>curn</strong></span> <span class='ocrx_word' id='word_1_60' title='bbox 420 1001 609 1080; x_wconf 84' lang='lat' dir='ltr'><strong>apparuisset</strong></span> <span class='ocrx_word' id='word_1_61' title='bbox 631 1000 812 1073; x_wconf 80' lang='lat' dir='ltr'><strong>Hannibali,</strong></span> <span class='ocrx_word' id='word_1_62' title='bbox 833 1001 963 1079; x_wconf 89' lang='lat' dir='ltr'><strong>speciem</strong></span> <span class='ocrx_word' id='word_1_63' title='bbox 984 1000 1065 1080; x_wconf 87' lang='lat' dir='ltr'><strong>parti</strong></span> 
     </span>
     <span class='ocr_line' id='line_1_10' title="bbox 165 1079 1065 1160; baseline 0 -20"><span class='ocrx_word' id='word_1_64' title='bbox 165 1083 285 1160; x_wconf 89' lang='lat' dir='ltr'><strong>utrique</strong></span> <span class='ocrx_word' id='word_1_65' title='bbox 305 1081 478 1160; x_wconf 82' lang='lat' dir='ltr'><strong>praebuisse</strong></span> <span class='ocrx_word' id='word_1_66' title='bbox 499 1082 570 1142; x_wconf 85' lang='lat' dir='ltr'><strong>novi</strong></span> <span class='ocrx_word' id='word_1_67' title='bbox 592 1081 735 1160; x_wconf 86' lang='lat' dir='ltr'><strong>praesidii</strong></span> <span class='ocrx_word' id='word_1_68' title='bbox 756 1101 825 1140; x_wconf 90' lang='lat' dir='ltr'><strong>cum</strong></span> <span class='ocrx_word' id='word_1_69' title='bbox 848 1081 886 1157; x_wconf 75' lang='lat' dir='ltr'><strong>Q.</strong></span> <span class='ocrx_word' id='word_1_70' title='bbox 908 1079 1007 1141; x_wconf 82' lang='lat' dir='ltr'><strong>Fabio</strong></span> <span class='ocrx_word' id='word_1_71' title='bbox 1025 1079 1065 1140; x_wconf 87' lang='lat' dir='ltr'><strong>ab</strong></span> 
     </span>
     <span class='ocr_line' id='line_1_11' title="bbox 165 1160 1119 1240; baseline 0.001 -18"><span class='ocrx_word' id='word_1_72' title='bbox 165 1161 264 1222; x_wconf 88' lang='lat' dir='ltr'><strong>Roma</strong></span> <span class='ocrx_word' id='word_1_73' title='bbox 288 1163 445 1222; x_wconf 85' lang='lat' dir='ltr'><strong>venientis.</strong></span> <span class='ocrx_word' id='word_1_74' title='bbox 489 1160 708 1231; x_wconf 87' lang='lat' dir='ltr'><strong>Hannibalem,</strong></span> <span class='ocrx_word' id='word_1_75' title='bbox 737 1161 917 1221; x_wconf 89' lang='lat' dir='ltr'><strong>insidiarum</strong></span> <span class='ocrx_word' id='word_1_76' title='bbox 946 1162 1119 1240; x_wconf 90' lang='lat' dir='ltr'><strong>quoque10</strong></span> 
     </span>
     <span class='ocr_line' id='line_1_12' title="bbox 163 1241 1065 1322; baseline -0.001 -20"><span class='ocrx_word' id='word_1_77' title='bbox 163 1243 279 1322; x_wconf 89' lang='lat' dir='ltr'><strong>aliquid</strong></span> <span class='ocrx_word' id='word_1_78' title='bbox 310 1243 475 1315; x_wconf 89' lang='lat' dir='ltr'><strong>timentem,</strong></span> <span class='ocrx_word' id='word_1_79' title='bbox 504 1243 649 1320; x_wconf 87' lang='lat' dir='ltr'><strong>recepisse</strong></span> <span class='ocrx_word' id='word_1_80' title='bbox 677 1261 762 1312; x_wconf 89' lang='lat' dir='ltr'><strong>su0s;</strong></span> <span class='ocrx_word' id='word_1_81' title='bbox 789 1241 962 1302; x_wconf 86' lang='lat' dir='ltr'><strong>Romanum</strong></span> <span class='ocrx_word' id='word_1_82' title='bbox 991 1243 1065 1301; x_wconf 86' lang='lat' dir='ltr'><strong>inse·</strong></span> 
     </span>
     <span class='ocr_line' id='line_1_13' title="bbox 163 1321 1065 1402; baseline -0.002 -20"><span class='ocrx_word' id='word_1_83' title='bbox 163 1333 267 1383; x_wconf 86' lang='lat' dir='ltr'><strong>cutum</strong></span> <span class='ocrx_word' id='word_1_84' title='bbox 297 1323 463 1402; x_wconf 87' lang='lat' dir='ltr'><strong>adjuvante</strong></span> <span class='ocrx_word' id='word_1_85' title='bbox 491 1322 626 1382; x_wconf 83' lang='lat' dir='ltr'><strong>Samnite</strong></span> <span class='ocrx_word' id='word_1_86' title='bbox 655 1322 715 1383; x_wconf 92' lang='lat' dir='ltr'><strong>duo</strong></span> <span class='ocrx_word' id='word_1_87' title='bbox 744 1322 869 1382; x_wconf 88' lang='lat' dir='ltr'><strong>castella</strong></span> <span class='ocrx_word' id='word_1_88' title='bbox 889 1342 923 1382; x_wconf 89' lang='lat' dir='ltr'><strong>eo</strong></span> <span class='ocrx_word' id='word_1_89' title='bbox 945 1321 994 1381; x_wconf 91' lang='lat' dir='ltr'><strong>die</strong></span> <span class='ocrx_word' id='word_1_90' title='bbox 1015 1343 1065 1381; x_wconf 85' lang='lat' dir='ltr'><strong>ex-</strong></span> 
     </span>
     <span class='ocr_line' id='line_1_14' title="bbox 161 1402 1065 1482; baseline -0.001 -19"><span class='ocrx_word' id='word_1_91' title='bbox 161 1423 319 1482; x_wconf 85' lang='lat' dir='ltr'><strong>pugnasse.</strong></span> <span class='ocrx_word' id='word_1_92' title='bbox 360 1403 422 1463; x_wconf 79' lang='lat' dir='ltr'><strong>Sex</strong></span> <span class='ocrx_word' id='word_1_93' title='bbox 444 1403 528 1462; x_wconf 90' lang='lat' dir='ltr'><strong>milia</strong></span> <span class='ocrx_word' id='word_1_94' title='bbox 551 1403 683 1462; x_wconf 84' lang='lat' dir='ltr'><strong>hostiurn</strong></span> <span class='ocrx_word' id='word_1_95' title='bbox 706 1423 800 1475; x_wconf 86' lang='lat' dir='ltr'><strong>caesa,</strong></span> <span class='ocrx_word' id='word_1_96' title='bbox 815 1402 949 1481; x_wconf 91' lang='lat' dir='ltr'><strong>quinque</strong></span> <span class='ocrx_word' id='word_1_97' title='bbox 963 1402 1065 1462; x_wconf 80' lang='lat' dir='ltr'><strong>adnic-</strong></span> 
     </span>
     <span class='ocr_line' id='line_1_15' title="bbox 161 1482 1063 1562; baseline -0.002 -19"><span class='ocrx_word' id='word_1_98' title='bbox 161 1484 235 1543; x_wconf 91' lang='lat' dir='ltr'><strong>dum</strong></span> <span class='ocrx_word' id='word_1_99' title='bbox 251 1484 477 1555; x_wconf 63' lang='lat' dir='ltr'><strong>Romanorum</strong></span> <span class='ocrx_word' id='word_1_100' title='bbox 499 1495 610 1555; x_wconf 69' lang='lat' dir='ltr'><strong>tanuen,</strong></span> <span class='ocrx_word' id='word_1_101' title='bbox 625 1485 656 1542; x_wconf 92' lang='lat' dir='ltr'><strong>in</strong></span> <span class='ocrx_word' id='word_1_102' title='bbox 679 1493 742 1543; x_wconf 92' lang='lat' dir='ltr'><strong>tam</strong></span> <span class='ocrx_word' id='word_1_103' title='bbox 764 1485 830 1562; x_wconf 89' lang='lat' dir='ltr'><strong>pari</strong></span> <span class='ocrx_word' id='word_1_104' title='bbox 853 1501 946 1561; x_wconf 88' lang='lat' dir='ltr'><strong>prope</strong></span> <span class='ocrx_word' id='word_1_105' title='bbox 967 1482 1063 1555; x_wconf 89' lang='lat' dir='ltr'><strong>clade,</strong></span> 
     </span>
     <span class='ocr_line' id='line_1_16' title="bbox 161 1562 1118 1642; baseline 0.001 -19"><span class='ocrx_word' id='word_1_106' title='bbox 161 1563 274 1623; x_wconf 85' lang='lat' dir='ltr'><strong>famam</strong></span> <span class='ocrx_word' id='word_1_107' title='bbox 303 1565 441 1642; x_wconf 84' lang='lat' dir='ltr'><strong>egregiae</strong></span> <span class='ocrx_word' id='word_1_108' title='bbox 471 1565 616 1624; x_wconf 87' lang='lat' dir='ltr'><strong>victoriae</strong></span> <span class='ocrx_word' id='word_1_109' title='bbox 645 1584 714 1624; x_wconf 87' lang='lat' dir='ltr'><strong>cum</strong></span> <span class='ocrx_word' id='word_1_110' title='bbox 745 1563 921 1624; x_wconf 90' lang='lat' dir='ltr'><strong>vanioribus</strong></span> <span class='ocrx_word' id='word_1_111' title='bbox 955 1562 1064 1624; x_wconf 92' lang='lat' dir='ltr'><strong>litteris</strong></span> <span class='ocrx_word' id='word_1_112' title='bbox 1080 1563 1118 1624; x_wconf 88' lang='grc'><strong>15</strong></span> 
     </span>
     <span class='ocr_line' id='line_1_17' title="bbox 161 1644 789 1723; baseline 0.002 -20"><span class='ocrx_word' id='word_1_113' title='bbox 161 1644 298 1722; x_wconf 84' lang='lat' dir='ltr'><strong>magistri</strong></span> <span class='ocrx_word' id='word_1_114' title='bbox 319 1645 456 1722; x_wconf 86' lang='lat' dir='ltr'><strong>equiturn</strong></span> <span class='ocrx_word' id='word_1_115' title='bbox 478 1644 608 1705; x_wconf 88' lang='lat' dir='ltr'><strong>Romam</strong></span> <span class='ocrx_word' id='word_1_116' title='bbox 630 1644 789 1723; x_wconf 88' lang='lat' dir='ltr'><strong>perlatam.</strong></span> 
     </span>
    </p>

    <p class='ocr_par' dir='ltr' id='par_1_3' title="bbox 154 1723 1162 3336">
     <span class='ocr_line' id='line_1_18' title="bbox 200 1723 1063 1804; baseline 0 -20"><span class='ocrx_word' id='word_1_117' title='bbox 200 1723 311 1784; x_wconf 90' lang='lat' dir='ltr'>XXV.</span> <span class='ocrx_word' id='word_1_118' title='bbox 354 1724 402 1782; x_wconf 91' lang='lat' dir='ltr'><strong>De</strong></span> <span class='ocrx_word' id='word_1_119' title='bbox 422 1725 469 1784; x_wconf 93' lang='lat' dir='ltr'><strong>his</strong></span> <span class='ocrx_word' id='word_1_120' title='bbox 490 1725 580 1785; x_wconf 88' lang='lat' dir='ltr'><strong>rebus</strong></span> <span class='ocrx_word' id='word_1_121' title='bbox 600 1745 743 1804; x_wconf 85' lang='lat' dir='ltr'><strong>persaepe</strong></span> <span class='ocrx_word' id='word_1_122' title='bbox 763 1734 793 1784; x_wconf 90' lang='lat' dir='ltr'><strong>et</strong></span> <span class='ocrx_word' id='word_1_123' title='bbox 814 1725 846 1785; x_wconf 90' lang='lat' dir='ltr'><strong>in</strong></span> <span class='ocrx_word' id='word_1_124' title='bbox 866 1734 972 1785; x_wconf 87' lang='lat' dir='ltr'><strong>senatu</strong></span> <span class='ocrx_word' id='word_1_125' title='bbox 987 1724 1063 1784; x_wconf 88' lang='lat' dir='ltr'><strong>etin</strong></span> 
     </span>
     <span class='ocr_line' id='line_1_19' title="bbox 161 1805 1064 1878; baseline -0.002 -14"><span class='ocrx_word' id='word_1_126' title='bbox 161 1805 300 1864; x_wconf 87' lang='lat' dir='ltr'><strong>contione</strong></span> <span class='ocrx_word' id='word_1_127' title='bbox 324 1815 426 1864; x_wconf 89' lang='lat' dir='ltr'><strong>actum</strong></span> <span class='ocrx_word' id='word_1_128' title='bbox 452 1814 504 1866; x_wconf 90' lang='lat' dir='ltr'><strong>est.</strong></span> <span class='ocrx_word' id='word_1_129' title='bbox 546 1805 634 1878; x_wconf 71' lang='lat' dir='ltr'><strong>(ium,</strong></span> <span class='ocrx_word' id='word_1_130' title='bbox 660 1805 741 1866; x_wconf 87' lang='lat' dir='ltr'><strong>laeta</strong></span> <span class='ocrx_word' id='word_1_131' title='bbox 771 1805 906 1878; x_wconf 91' lang='lat' dir='ltr'><strong>civitate,</strong></span> <span class='ocrx_word' id='word_1_132' title='bbox 931 1805 1064 1865; x_wconf 89' lang='lat' dir='ltr'><strong>dictator</strong></span> 
     </span>
     <span class='ocr_line' id='line_1_20' title="bbox 160 1885 1063 1958; baseline 0.001 -15"><span class='ocrx_word' id='word_1_133' title='bbox 160 1899 238 1944; x_wconf 93' lang='lat' dir='ltr'><strong>unus</strong></span> <span class='ocrx_word' id='word_1_134' title='bbox 252 1885 331 1943; x_wconf 89' lang='lat' dir='ltr'><strong>nihil</strong></span> <span class='ocrx_word' id='word_1_135' title='bbox 346 1903 401 1944; x_wconf 87' lang='lat' dir='ltr'><strong>nec</strong></span> <span class='ocrx_word' id='word_1_136' title='bbox 416 1885 515 1945; x_wconf 87' lang='lat' dir='ltr'><strong>famae</strong></span> <span class='ocrx_word' id='word_1_137' title='bbox 528 1906 584 1945; x_wconf 91' lang='lat' dir='ltr'><strong>nec</strong></span> <span class='ocrx_word' id='word_1_138' title='bbox 599 1886 709 1946; x_wconf 89' lang='lat' dir='ltr'><strong>litteris</strong></span> <span class='ocrx_word' id='word_1_139' title='bbox 726 1886 870 1958; x_wconf 89' lang='lat' dir='ltr'><strong>crederet,</strong></span> <span class='ocrx_word' id='word_1_140' title='bbox 886 1896 924 1958; x_wconf 89' lang='lat' dir='ltr'><strong>et,</strong></span> <span class='ocrx_word' id='word_1_141' title='bbox 942 1896 977 1945; x_wconf 89' lang='lat' dir='ltr'><strong>ut</strong></span> <span class='ocrx_word' id='word_1_142' title='bbox 991 1905 1063 1946; x_wconf 90' lang='lat' dir='ltr'><strong>vera</strong></span> 
     </span>
     <span class='ocr_line' id='line_1_21' title="bbox 160 1965 1117 2046; baseline 0.002 -21"><span class='ocrx_word' id='word_1_143' title='bbox 160 1965 262 2025; x_wconf 82' lang='lat' dir='ltr'><strong>&#39;omnia</strong></span> <span class='ocrx_word' id='word_1_144' title='bbox 276 1974 381 2036; x_wconf 84' lang='lat' dir='ltr'><strong>esseut,</strong></span> <span class='ocrx_word' id='word_1_145' title='bbox 396 1966 529 2026; x_wconf 88' lang='lat' dir='ltr'><strong>secunda</strong></span> <span class='ocrx_word' id='word_1_146' title='bbox 543 1987 574 2025; x_wconf 92' lang='lat' dir='ltr'><strong>se</strong></span> <span class='ocrx_word' id='word_1_147' title='bbox 590 1967 686 2046; x_wconf 89' lang='lat' dir='ltr'><strong>magis</strong></span> <span class='ocrx_word' id='word_1_148' title='bbox 701 1987 792 2046; x_wconf 89' lang='lat' dir='ltr'><strong>quam</strong></span> <span class='ocrx_word' id='word_1_149' title='bbox 814 1966 942 2028; x_wconf 89' lang='lat' dir='ltr'><strong>adversa</strong></span> <span class='ocrx_word' id='word_1_150' title='bbox 958 1967 1063 2026; x_wconf 89' lang='lat' dir='ltr'><strong>timere</strong></span> <span class='ocrx_word' id='word_1_151' title='bbox 1078 1965 1117 2027; x_wconf 84' lang='lat'><strong>20</strong></span> 
     </span>
     <span class='ocr_line' id='line_1_22' title="bbox 159 2045 1062 2126; baseline 0.002 -22"><span class='ocrx_word' id='word_1_152' title='bbox 159 2045 283 2117; x_wconf 89' lang='lat' dir='ltr'><strong>diceret,</strong></span> <span class='ocrx_word' id='word_1_153' title='bbox 305 2053 370 2105; x_wconf 91' lang='lat' dir='ltr'><strong>tum</strong></span> <span class='ocrx_word' id='word_1_154' title='bbox 392 2045 435 2106; x_wconf 92' lang='lat' dir='ltr'><strong>M.</strong></span> <span class='ocrx_word' id='word_1_155' title='bbox 457 2045 594 2106; x_wconf 90' lang='lat' dir='ltr'><strong>Metilius</strong></span> <span class='ocrx_word' id='word_1_156' title='bbox 620 2047 760 2106; x_wconf 90' lang='lat' dir='ltr'><strong>tribunus</strong></span> <span class='ocrx_word' id='word_1_157' title='bbox 782 2046 879 2126; x_wconf 89' lang='lat' dir='ltr'><strong>plebis</strong></span> <span class='ocrx_word' id='word_1_158' title='bbox 901 2047 949 2106; x_wconf 88' lang='lat' dir='ltr'><strong>‘id</strong></span> <span class='ocrx_word' id='word_1_159' title='bbox 970 2047 1062 2106; x_wconf 88' lang='lat' dir='ltr'><strong>enim·</strong></span> 
     </span>
     <span class='ocr_line' id='line_1_23' title="bbox 160 2125 1062 2208; baseline 0.001 -23"><span class='ocrx_word' id='word_1_160' title='bbox 160 2146 231 2186; x_wconf 86' lang='lat' dir='ltr'><strong>vero</strong></span> <span class='ocrx_word' id='word_1_161' title='bbox 252 2125 410 2192; x_wconf 80' lang='lat' dir='ltr'><strong>ferendum</strong></span> <span class='ocrx_word' id='word_1_162' title='bbox 425 2127 503 2186; x_wconf 87' lang='lat' dir='ltr'><strong>esse&#39;</strong></span> <span class='ocrx_word' id='word_1_163' title='bbox 519 2136 627 2206; x_wconf 87' lang='lat' dir='ltr'><strong>negat:</strong></span> <span class='ocrx_word' id='word_1_164' title='bbox 651 2132 730 2188; x_wconf 89' lang='lat' dir='ltr'><strong>‘uon</strong></span> <span class='ocrx_word' id='word_1_165' title='bbox 754 2137 940 2208; x_wconf 89' lang='lat' dir='ltr'><strong>praesentem</strong></span> <span class='ocrx_word' id='word_1_166' title='bbox 963 2127 1062 2187; x_wconf 90' lang='lat' dir='ltr'><strong>solum</strong></span> 
     </span>
     <span class='ocr_line' id='line_1_24' title="bbox 158 2205 1062 2287; baseline 0.004 -23"><span class='ocrx_word' id='word_1_167' title='bbox 158 2205 337 2266; x_wconf 88' lang='lat' dir='ltr'><strong>dictatorem</strong></span> <span class='ocrx_word' id='word_1_168' title='bbox 352 2205 501 2267; x_wconf 88' lang='lat' dir='ltr'><strong>obstitisse</strong></span> <span class='ocrx_word' id='word_1_169' title='bbox 515 2209 558 2267; x_wconf 90' lang='lat' dir='ltr'><strong>rei</strong></span> <span class='ocrx_word' id='word_1_170' title='bbox 573 2207 649 2268; x_wconf 90' lang='lat' dir='ltr'><strong>bene</strong></span> <span class='ocrx_word' id='word_1_171' title='bbox 663 2210 821 2287; x_wconf 87' lang='lat' dir='ltr'><strong>gerendae,</strong></span> <span class='ocrx_word' id='word_1_172' title='bbox 838 2209 889 2268; x_wconf 88' lang='lat' dir='ltr'><strong>sed</strong></span> <span class='ocrx_word' id='word_1_173' title='bbox 908 2208 1062 2269; x_wconf 89' lang='lat' dir='ltr'><strong>absentem</strong></span> 
     </span>
     <span class='ocr_line' id='line_1_25' title="bbox 159 2286 1062 2365; baseline 0.006 -20"><span class='ocrx_word' id='word_1_174' title='bbox 159 2286 251 2346; x_wconf 77' lang='lat' dir='ltr'><strong>etiam</strong></span> <span class='ocrx_word' id='word_1_175' title='bbox 279 2296 380 2365; x_wconf 88' lang='lat' dir='ltr'><strong>gestae</strong></span> <span class='ocrx_word' id='word_1_176' title='bbox 408 2287 535 2360; x_wconf 90' lang='lat' dir='ltr'><strong>obstare,</strong></span> <span class='ocrx_word' id='word_1_177' title='bbox 561 2297 591 2348; x_wconf 91' lang='lat' dir='ltr'><strong>et</strong></span> <span class='ocrx_word' id='word_1_178' title='bbox 619 2289 651 2348; x_wconf 91' lang='lat' dir='ltr'><strong>in</strong></span> <span class='ocrx_word' id='word_1_179' title='bbox 680 2289 818 2349; x_wconf 89' lang='lat' dir='ltr'><strong>ducendo</strong></span> <span class='ocrx_word' id='word_1_180' title='bbox 848 2289 928 2350; x_wconf 88' lang='lat' dir='ltr'><strong>bello</strong></span> <span class='ocrx_word' id='word_1_181' title='bbox 956 2290 1062 2350; x_wconf 91' lang='lat' dir='ltr'><strong>sedulo</strong></span> 
     </span>
     <span class='ocr_line' id='line_1_26' title="bbox 159 2368 1116 2451; baseline 0.005 -25"><span class='ocrx_word' id='word_1_182' title='bbox 159 2375 278 2445; x_wconf 86' lang='lat' dir='ltr'><strong>tempus</strong></span> <span class='ocrx_word' id='word_1_183' title='bbox 292 2375 396 2440; x_wconf 89' lang='lat' dir='ltr'><strong>terere,</strong></span> <span class='ocrx_word' id='word_1_184' title='bbox 411 2388 470 2446; x_wconf 92' lang='lat' dir='ltr'><strong>quo</strong></span> <span class='ocrx_word' id='word_1_185' title='bbox 485 2368 601 2428; x_wconf 89' lang='lat' dir='ltr'><strong>diutius</strong></span> <span class='ocrx_word' id='word_1_186' title='bbox 616 2370 648 2429; x_wconf 91' lang='lat' dir='ltr'><strong>in</strong></span> <span class='ocrx_word' id='word_1_187' title='bbox 663 2371 843 2449; x_wconf 89' lang='lat' dir='ltr'><strong>magistratu</strong></span> <span class='ocrx_word' id='word_1_188' title='bbox 858 2372 906 2444; x_wconf 90' lang='lat' dir='ltr'><strong>sit,</strong></span> <span class='ocrx_word' id='word_1_189' title='bbox 921 2371 1062 2451; x_wconf 87' lang='lat' dir='ltr'><strong>solusque</strong></span> <span class='ocrx_word' id='word_1_190' title='bbox 1077 2370 1116 2431; x_wconf 82' lang='lat'><strong>25</strong></span> 
     </span>
     <span class='ocr_line' id='line_1_27' title="bbox 159 2446 1062 2532; baseline 0.009 -27"><span class='ocrx_word' id='word_1_191' title='bbox 159 2455 189 2506; x_wconf 91' lang='lat' dir='ltr'><strong>et</strong></span> <span class='ocrx_word' id='word_1_192' title='bbox 209 2446 327 2507; x_wconf 85' lang='lat' dir='ltr'><strong>Romae</strong></span> <span class='ocrx_word' id='word_1_193' title='bbox 346 2457 376 2507; x_wconf 91' lang='lat' dir='ltr'><strong>et</strong></span> <span class='ocrx_word' id='word_1_194' title='bbox 397 2447 428 2507; x_wconf 93' lang='lat' dir='ltr'><strong>in</strong></span> <span class='ocrx_word' id='word_1_195' title='bbox 450 2450 585 2509; x_wconf 86' lang='lat' dir='ltr'><strong>exercitu</strong></span> <span class='ocrx_word' id='word_1_196' title='bbox 601 2451 761 2530; x_wconf 88' lang='lat' dir='ltr'><strong>imperium</strong></span> <span class='ocrx_word' id='word_1_197' title='bbox 777 2451 896 2514; x_wconf 89' lang='lat' dir='ltr'><strong>habeat.</strong></span> <span class='ocrx_word' id='word_1_198' title='bbox 939 2452 1062 2532; x_wconf 68' lang='lat' dir='ltr'><strong>Quippe</strong></span> 
     </span>
     <span class='ocr_line' id='line_1_28' title="bbox 160 2527 1062 2613; baseline 0.009 -27"><span class='ocrx_word' id='word_1_199' title='bbox 160 2527 318 2586; x_wconf 74' lang='lat' dir='ltr'><strong>consulum</strong></span> <span class='ocrx_word' id='word_1_200' title='bbox 342 2528 471 2588; x_wconf 90' lang='lat' dir='ltr'><strong>alterum</strong></span> <span class='ocrx_word' id='word_1_201' title='bbox 493 2529 525 2588; x_wconf 92' lang='lat' dir='ltr'><strong>in</strong></span> <span class='ocrx_word' id='word_1_202' title='bbox 546 2531 612 2590; x_wconf 91' lang='lat' dir='ltr'><strong>acie</strong></span> <span class='ocrx_word' id='word_1_203' title='bbox 633 2531 782 2605; x_wconf 88' lang='lat' dir='ltr'><strong>cecidisse,</strong></span> <span class='ocrx_word' id='word_1_204' title='bbox 805 2535 935 2594; x_wconf 89' lang='lat' dir='ltr'><strong>alterum</strong></span> <span class='ocrx_word' id='word_1_205' title='bbox 963 2529 1062 2613; x_wconf 86' lang='lat' dir='ltr'><strong>specie</strong></span> 
     </span>
     <span class='ocr_line' id='line_1_29' title="bbox 159 2607 1062 2691; baseline 0.01 -25"><span class='ocrx_word' id='word_1_206' title='bbox 159 2607 261 2668; x_wconf 88' lang='lat' dir='ltr'><strong>classis</strong></span> <span class='ocrx_word' id='word_1_207' title='bbox 280 2607 414 2668; x_wconf 83' lang='lat' dir='ltr'><strong>Punicae</strong></span> <span class='ocrx_word' id='word_1_208' title='bbox 432 2611 655 2689; x_wconf 89' lang='lat' dir='ltr'><strong>persequendae</strong></span> <span class='ocrx_word' id='word_1_209' title='bbox 676 2613 782 2691; x_wconf 87' lang='lat' dir='ltr'><strong>procul</strong></span> <span class='ocrx_word' id='word_1_210' title='bbox 805 2615 845 2674; x_wconf 91' lang='lat' dir='ltr'><strong>ab</strong></span> <span class='ocrx_word' id='word_1_211' title='bbox 867 2615 959 2676; x_wconf 87' lang='lat' dir='ltr'><strong>Italia</strong></span> <span class='ocrx_word' id='word_1_212' title='bbox 980 2614 1062 2675; x_wconf 88' lang='lat' dir='ltr'><strong>able·</strong></span> 
     </span>
     <span class='ocr_line' id='line_1_30' title="bbox 158 2688 1061 2773; baseline 0.011 -27"><span class='ocrx_word' id='word_1_213' title='bbox 158 2697 282 2765; x_wconf 81' lang='lat' dir='ltr'><strong>gatum3</strong></span> <span class='ocrx_word' id='word_1_214' title='bbox 304 2688 378 2748; x_wconf 87' lang='lat' dir='ltr'><strong>duos</strong></span> <span class='ocrx_word' id='word_1_215' title='bbox 399 2699 551 2768; x_wconf 88' lang='lat' dir='ltr'><strong>praetores</strong></span> <span class='ocrx_word' id='word_1_216' title='bbox 572 2691 678 2753; x_wconf 80' lang='lat' dir='ltr'><strong>Sicilia</strong></span> <span class='ocrx_word' id='word_1_217' title='bbox 700 2707 791 2773; x_wconf 91' lang='lat' dir='ltr'><strong>atque</strong></span> <span class='ocrx_word' id='word_1_218' title='bbox 812 2695 954 2756; x_wconf 82' lang='lat' dir='ltr'><strong>Sardinia</strong></span> <span class='ocrx_word' id='word_1_219' title='bbox 975 2717 1061 2756; x_wconf 91' lang='lat' dir='ltr'><strong>occu·</strong></span> 
     </span>
     <span class='ocr_line' id='line_1_31' title="bbox 158 2772 1114 2856; baseline 0.008 -30"><span class='ocrx_word' id='word_1_220' title='bbox 158 2779 253 2846; x_wconf 87' lang='lat' dir='ltr'><strong>patos,</strong></span> <span class='ocrx_word' id='word_1_221' title='bbox 263 2789 392 2847; x_wconf 88' lang='lat' dir='ltr'><strong>quarum</strong></span> <span class='ocrx_word' id='word_1_222' title='bbox 407 2780 516 2830; x_wconf 89' lang='lat' dir='ltr'><strong>neutra</strong></span> <span class='ocrx_word' id='word_1_223' title='bbox 531 2772 587 2833; x_wconf 92' lang='lat' dir='ltr'><strong>hoc</strong></span> <span class='ocrx_word' id='word_1_224' title='bbox 603 2783 737 2853; x_wconf 89' lang='lat' dir='ltr'><strong>tempore</strong></span> <span class='ocrx_word' id='word_1_225' title='bbox 754 2777 912 2855; x_wconf 88' lang='lat' dir='ltr'><strong>provincia</strong></span> <span class='ocrx_word' id='word_1_226' title='bbox 924 2787 1060 2856; x_wconf 89' lang='lat' dir='ltr'><strong>praetore</strong></span> <span class='ocrx_word' id='word_1_227' title='bbox 1075 2773 1114 2835; x_wconf 88' lang='lat'><strong>30</strong></span> 
     </span>
     <span class='ocr_line' id='line_1_32' title="bbox 158 2849 1162 2935; baseline 0.013 -29"><span class='ocrx_word' id='word_1_228' title='bbox 158 2859 262 2925; x_wconf 86' lang='lat' dir='ltr'><strong>egeat;</strong></span> <span class='ocrx_word' id='word_1_229' title='bbox 284 2849 327 2909; x_wconf 89' lang='lat' dir='ltr'><strong>M.</strong></span> <span class='ocrx_word' id='word_1_230' title='bbox 343 2849 517 2910; x_wconf 89' lang='lat' dir='ltr'><strong>Minucium</strong></span> <span class='ocrx_word' id='word_1_231' title='bbox 532 2855 710 2932; x_wconf 89' lang='lat' dir='ltr'><strong>magistrum</strong></span> <span class='ocrx_word' id='word_1_232' title='bbox 727 2855 926 2935; x_wconf 72' lang='lat' dir='ltr'><strong>equitumue</strong></span> <span class='ocrx_word' id='word_1_233' title='bbox 945 2858 1058 2918; x_wconf 89' lang='lat' dir='ltr'><strong>hostem</strong></span> <span class='ocrx_word' id='word_1_234' title='bbox 1159 2863 1162 2868; x_wconf 79' lang='grc'>’</span> 
     </span>
     <span class='ocr_line' id='line_1_33' title="bbox 157 2928 1060 3016; baseline 0.012 -29"><span class='ocrx_word' id='word_1_235' title='bbox 157 2928 284 3002; x_wconf 90' lang='lat' dir='ltr'><strong>videret,</strong></span> <span class='ocrx_word' id='word_1_236' title='bbox 294 2950 332 2989; x_wconf 90' lang='lat' dir='ltr'><strong>ne</strong></span> <span class='ocrx_word' id='word_1_237' title='bbox 346 2931 419 3008; x_wconf 89' lang='lat' dir='ltr'><strong>quid</strong></span> <span class='ocrx_word' id='word_1_238' title='bbox 435 2932 479 2991; x_wconf 92' lang='lat' dir='ltr'><strong>rei</strong></span> <span class='ocrx_word' id='word_1_239' title='bbox 494 2932 621 2994; x_wconf 79' lang='lat' dir='ltr'><strong>bellicae</strong></span> <span class='ocrx_word' id='word_1_240' title='bbox 633 2945 758 3014; x_wconf 88' lang='lat' dir='ltr'><strong>gereret,</strong></span> <span class='ocrx_word' id='word_1_241' title='bbox 769 2958 862 3016; x_wconf 91' lang='lat' dir='ltr'><strong>prope</strong></span> <span class='ocrx_word' id='word_1_242' title='bbox 875 2938 907 2996; x_wconf 94' lang='lat' dir='ltr'><strong>in</strong></span> <span class='ocrx_word' id='word_1_243' title='bbox 922 2938 1060 2998; x_wconf 87' lang='lat' dir='ltr'><strong>custodia</strong></span> 
     </span>
     <span class='ocr_line' id='line_1_34' title="bbox 156 3008 1059 3096; baseline 0.011 -29"><span class='ocrx_word' id='word_1_244' title='bbox 156 3008 306 3069; x_wconf 88' lang='lat' dir='ltr'><strong>habiturn.</strong></span> <span class='ocrx_word' id='word_1_245' title='bbox 350 3011 458 3090; x_wconf 89' lang='lat' dir='ltr'><strong>Itaque</strong></span> <span class='ocrx_word' id='word_1_246' title='bbox 479 3013 603 3074; x_wconf 89' lang='lat' dir='ltr'><strong>hercule</strong></span> <span class='ocrx_word' id='word_1_247' title='bbox 624 3036 683 3075; x_wconf 90' lang='lat' dir='ltr'><strong>non</strong></span> <span class='ocrx_word' id='word_1_248' title='bbox 707 3016 864 3077; x_wconf 84' lang='lat' dir='ltr'><strong>Samnium</strong></span> <span class='ocrx_word' id='word_1_249' title='bbox 886 3019 984 3091; x_wconf 89' lang='lat' dir='ltr'><strong>modo,</strong></span> <span class='ocrx_word' id='word_1_250' title='bbox 999 3039 1059 3096; x_wconf 91' lang='lat' dir='ltr'><strong>quo</strong></span> 
     </span>
     <span class='ocr_line' id='line_1_35' title="bbox 159 3089 1058 3176; baseline 0.011 -29"><span class='ocrx_word' id='word_1_251' title='bbox 159 3089 223 3167; x_wconf 87' lang='lat' dir='ltr'><strong>jam</strong></span> <span class='ocrx_word' id='word_1_252' title='bbox 241 3099 397 3169; x_wconf 89' lang='lat' dir='ltr'><strong>tamquam</strong></span> <span class='ocrx_word' id='word_1_253' title='bbox 413 3103 497 3152; x_wconf 89' lang='lat' dir='ltr'><strong>trans</strong></span> <span class='ocrx_word' id='word_1_254' title='bbox 510 3094 667 3155; x_wconf 90' lang='lat' dir='ltr'><strong>Hiberum</strong></span> <span class='ocrx_word' id='word_1_255' title='bbox 677 3117 750 3176; x_wconf 87' lang='lat' dir='ltr'><strong>agro</strong></span> <span class='ocrx_word' id='word_1_256' title='bbox 765 3097 874 3158; x_wconf 90' lang='lat' dir='ltr'><strong>Poenis</strong></span> <span class='ocrx_word' id='word_1_257' title='bbox 885 3119 1058 3158; x_wconf 85' lang='lat' dir='ltr'><strong>concessum</strong></span> 
     </span>
     <span class='ocr_line' id='line_1_36' title="bbox 154 3169 1111 3257; baseline 0.008 -29"><span class='ocrx_word' id='word_1_258' title='bbox 154 3169 202 3242; x_wconf 91' lang='lat' dir='ltr'><strong>sit,</strong></span> <span class='ocrx_word' id='word_1_259' title='bbox 216 3181 262 3230; x_wconf 85' lang='lat' dir='ltr'><strong>set</strong></span> <span class='ocrx_word' id='word_1_260' title='bbox 277 3169 467 3250; x_wconf 83' lang='lat' dir='ltr'><strong>Campanum</strong></span> <span class='ocrx_word' id='word_1_261' title='bbox 484 3173 692 3254; x_wconf 80' lang='lat' dir='ltr'><strong>Calenumque</strong></span> <span class='ocrx_word' id='word_1_262' title='bbox 713 3187 743 3236; x_wconf 90' lang='lat' dir='ltr'><strong>et</strong></span> <span class='ocrx_word' id='word_1_263' title='bbox 765 3177 930 3237; x_wconf 88' lang='lat' dir='ltr'><strong>Falernum</strong></span> <span class='ocrx_word' id='word_1_264' title='bbox 950 3199 1057 3257; x_wconf 91' lang='lat' dir='ltr'><strong>agrum</strong></span> <span class='ocrx_word' id='word_1_265' title='bbox 1073 3174 1111 3236; x_wconf 88' lang='lat'><strong>35</strong></span> 
     </span>
     <span class='ocr_line' id='line_1_37' title="bbox 154 3254 1057 3336; baseline 0.009 -27"><span class='ocrx_word' id='word_1_266' title='bbox 154 3259 343 3328; x_wconf 86' lang='lat' dir='ltr'><strong>pervastatos</strong></span> <span class='ocrx_word' id='word_1_267' title='bbox 364 3254 571 3326; x_wconf 68' lang='lat' dir='ltr'><strong>esse-&#39;sedente</strong></span> <span class='ocrx_word' id='word_1_268' title='bbox 586 3254 712 3315; x_wconf 80' lang='lat' dir='ltr'><strong>Casilini</strong></span> <span class='ocrx_word' id='word_1_269' title='bbox 727 3258 875 3318; x_wconf 89' lang='lat' dir='ltr'><strong>dictatore</strong></span> <span class='ocrx_word' id='word_1_270' title='bbox 890 3268 919 3319; x_wconf 91' lang='lat' dir='ltr'><strong>et</strong></span> <span class='ocrx_word' id='word_1_271' title='bbox 934 3257 1057 3336; x_wconf 87' lang='lat' dir='ltr'><strong>legioni-</strong></span> 
     </span>
    </p>
   </div>
   <div class='ocr_carea' id='block_1_3' title="bbox 151 3329 1056 3571">
    <p class='ocr_par' dir='ltr' id='par_1_4' title="bbox 151 3329 1056 3571">
     <span class='ocr_line' id='line_1_38' title="bbox 154 3329 1056 3414; baseline 0.01 -25"><span class='ocrx_word' id='word_1_272' title='bbox 154 3329 210 3390; x_wconf 90' lang='lat' dir='ltr'><strong>bus</strong></span> <span class='ocrx_word' id='word_1_273' title='bbox 222 3331 327 3410; x_wconf 90' lang='lat' dir='ltr'><strong>populi</strong></span> <span class='ocrx_word' id='word_1_274' title='bbox 340 3331 473 3392; x_wconf 88' lang='lat' dir='ltr'><strong>Romani</strong></span> <span class='ocrx_word' id='word_1_275' title='bbox 485 3355 593 3414; x_wconf 86' lang='lat' dir='ltr'><strong>agrum</strong></span> <span class='ocrx_word' id='word_1_276' title='bbox 607 3357 694 3395; x_wconf 88' lang='lat' dir='ltr'><strong>suurn</strong></span> <span class='ocrx_word' id='word_1_277' title='bbox 706 3346 834 3397; x_wconf 88' lang='lat' dir='ltr'><strong>tutante.</strong></span> <span class='ocrx_word' id='word_1_278' title='bbox 877 3339 1056 3398; x_wconf 79' lang='lat' dir='ltr'><strong>Exercitum</strong></span> 
     </span>
     <span class='ocr_line' id='line_1_39' title="bbox 154 3413 1055 3493; baseline 0.007 -24"><span class='ocrx_word' id='word_1_279' title='bbox 154 3413 326 3490; x_wconf 90' lang='lat' dir='ltr'><strong>cupientem</strong></span> <span class='ocrx_word' id='word_1_280' title='bbox 348 3433 486 3492; x_wconf 87' lang='lat' dir='ltr'><strong>pugnare</strong></span> <span class='ocrx_word' id='word_1_281' title='bbox 512 3423 542 3474; x_wconf 92' lang='lat' dir='ltr'><strong>et</strong></span> <span class='ocrx_word' id='word_1_282' title='bbox 567 3417 743 3492; x_wconf 88' lang='lat' dir='ltr'><strong>magistrum</strong></span> <span class='ocrx_word' id='word_1_283' title='bbox 774 3417 909 3493; x_wconf 89' lang='lat' dir='ltr'><strong>equiturn</strong></span> <span class='ocrx_word' id='word_1_284' title='bbox 938 3415 1055 3475; x_wconf 87' lang='lat' dir='ltr'><strong>clausos</strong></span> 
     </span>
     <span class='ocr_line' id='line_1_40' title="bbox 151 3493 1055 3571; baseline 0.003 -21"><span class='ocrx_word' id='word_1_285' title='bbox 151 3511 247 3571; x_wconf 86' lang='lat' dir='ltr'><strong>propa</strong></span> <span class='ocrx_word' id='word_1_286' title='bbox 282 3493 365 3553; x_wconf 84' lang='lat' dir='ltr'><strong>intra</strong></span> <span class='ocrx_word' id='word_1_287' title='bbox 392 3493 513 3554; x_wconf 88' lang='lat' dir='ltr'><strong>vallum</strong></span> <span class='ocrx_word' id='word_1_288' title='bbox 545 3501 694 3567; x_wconf 88' lang='lat' dir='ltr'><strong>retentos;</strong></span> <span class='ocrx_word' id='word_1_289' title='bbox 729 3503 885 3570; x_wconf 88' lang='lat' dir='ltr'><strong>tamquam</strong></span> <span class='ocrx_word' id='word_1_290' title='bbox 919 3493 1055 3553; x_wconf 89' lang='lat' dir='ltr'><strong>hostibus</strong></span> 
     </span>
    </p>
   </div>
   <div class='ocr_carea' id='block_1_4' title="bbox 0 0 1288 3782">
    <p class='ocr_par' dir='ltr' id='par_1_5' title="bbox 0 0 1288 3782">
     <span class='ocr_line' id='line_1_41' title="bbox 0 0 1288 3782; baseline 0 3"><span class='ocrx_word' id='word_1_291' title='bbox 0 0 1288 3782; x_wconf 95' lang='lat' dir='ltr'><strong> </strong></span> 
     </span>
    </p>
   </div>
  </div>
 </body>
</html>
