2568 3782
286 255 290 264 ’
386 261 520 308 masa
545 263 659 329 xx11,
686 247 816 312 35-36.
1038 223 1101 315 iit

145 420 299 492 nobilitas,
314 439 423 497 parum
438 419 528 480 fnisse
542 420 654 482 virium
669 420 702 480 in
717 422 954 500 conpetitoribus
974 425 1047 504 ejus,

145 501 181 562 L.
210 500 381 561 Aemilium
410 500 551 571 Paulum,
576 501 629 579 qui
657 522 726 561 cum
754 501 797 562 M.
824 502 914 564 Livio
943 505 1047 565 consul

145 583 247 641 fuerat
261 590 291 640 et
305 581 501 640 damnatione
516 581 659 659 conlegae
673 592 703 642 ct
717 602 771 642 sua
785 603 879 664 prope
894 584 1049 646 ambustus

145 671 293 734 evaserat,
308 660 452 720 infestum
467 661 576 740 plebei,-
592 663 646 721 diu
661 683 696 722 ao
711 663 842 724 multum
857 675 1047 726 recusantem

146 743 184 802 ad
206 742 385 822 petitionem
407 741 562 820 conpellit.
605 742 637 802 Is
657 743 797 822 proximo
823 746 968 805 comitiali
990 747 1048 821 die,
1083 747 1102 807 δ

146 821 382 883 concedentibus
406 821 555 891 omnibns,
580 822 633 901 qui
658 842 726 882 cum
752 823 893 885 Varrone
917 835 1049 888 certave-

145 911 225 977 rant,
240 922 297 982 par
311 903 409 980 magis
423 903 456 961 in
469 902 693 963 adversandum
710 925 802 982 quam
816 906 943 986 conlega
957 906 1051 968 datur

144 984 269 1044 consuli.
325 983 402 1043 Inde
429 993 603 1062 praetorum
630 986 752 1046 comitia
780 987 893 1046 habita.
950 987 1052 1050 Crasti
1119 1057 1124 1062 ,

143 1063 196 1124 Μ’.
221 1064 406 1144 Pomponius
427 1063 535 1124 Matho
560 1074 590 1125 et
613 1065 646 1126 P.
673 1066 785 1126 Furius
810 1067 934 1139 Pbilua;
962 1068 1052 1131 Philo

145 1144 262 1204 Romae
285 1144 349 1223 juri
375 1143 507 1202 dicundo
532 1143 651 1204 urbana
678 1165 751 1219 sors,
776 1145 943 1226 Pomponio
968 1149 1102 1211 inter10

145 1225 220 1285 civis
235 1224 389 1284 Romanos
403 1233 434 1285 et
448 1225 622 1302 peregrinos
636 1227 755 1299 evenit·;
778 1227 875 1288 additi
890 1228 950 1289 duo
963 1249 1048 1308 prae-

144 1313 234 1378 tores,
254 1304 298 1365 M.
320 1303 468 1365 Claudius
494 1304 660 1366 Marcellus
688 1308 720 1366 in
748 1307 896 1382 Siciliam,
919 1309 955 1370 L.
978 1308 1048 1370 Pos-

144 1386 258 1447 tumius
273 1385 408 1446 Albinus
426 1385 458 1446 in
473 1385 618 1448 Galliam.
661 1387 774 1448 Omnes
795 1387 932 1448 absentes
953 1389 1048 1450 creati

68 1497 72 1504 ·
143 1475 223 1540 sunt,
249 1467 472 1546 neccuiquam
497 1487 610 1542 eorum,
635 1477 756 1547 praeter
779 1468 955 1529 Terentium
979 1489 1048 1530 oon-

144 1547 250 1619 sulem,
259 1547 422 1607 mandatus
436 1547 531 1607 honos
542 1569 630 1627 quem
647 1569 709 1610 non
717 1550 782 1629 jam
797 1559 887 1609 antea
901 1550 1046 1628 gessisset,
1063 1550 1101 1611 15

144 1628 315 1707 praeteritis
336 1627 456 1706 aliquot
475 1629 605 1690 fortibus
625 1649 663 1690 ac
683 1630 813 1692 strenuis
827 1630 910 1702 viris,
926 1630 998 1708 qnia
1016 1631 1048 1690 in

143 1708 199 1849 pinli
213 1708 442 1788 temporenulli
458 1729 555 1770 novus
576 1710 772 1791 magistratus
788 1709 950 1772 videbatur
964 1731 1048 1770 inan·

165 1789 270 1849 andus.
593 1825 596 1830 ·
867 1821 872 1828 ·

183 1868 348 1930 XXXVI.
391 1869 554 1931 Exercitus
582 1891 702 1950 quoque
730 1871 929 1951 multiplicati
958 1881 1047 1945 sunt3

144 1959 276 2028 quantae
297 1961 399 2010 autem
422 1951 526 2029 copiae
547 1953 685 2031 peditum
704 1955 901 2031 equitumque
921 1951 1046 2013 additae
1061 1953 1100 2017 20

142 2033 212 2102 sint,
228 2030 303 2090 adeo
318 2039 348 2090 et
362 2051 488 2091 numero
503 2040 534 2091 et
548 2053 657 2110 genere
670 2035 826 2112 copiarum
844 2035 964 2095 variant
978 2054 1047 2094 auo-

143 2121 231 2185 tores‚
248 2120 281 2170 ut
295 2111 352 2171 vix
367 2111 530 2190 quicquam
544 2113 618 2173 satis
636 2123 751 2173 certum
773 2113 936 2174 adfirmare
956 2135 1047 2177 ausus

142 2192 208 2252 sim.
250 2190 365 2250 Decem
388 2192 473 2251 milia
493 2213 641 2253 novorum
665 2193 798 2253 militum
813 2195 867 2255 alii
881 2196 995 2276 scripta
1014 2197 1049 2256 in

141 2271 398 2351 supplementum,
413 2272 468 2332 alii
489 2293 583 2334 novas
604 2284 749 2353 quattuor
769 2274 910 2354 legiones,
925 2285 960 2337 ut
977 2287 1046 2337 octo

142 2352 313 2431 legionibus
338 2373 402 2412 rem
426 2363 581 2432 gererent;
610 2376 736 2415 numero
761 2375 879 2436 quoque
906 2356 1045 2435 pediturn
1060 2358 1099 2418 25

141 2434 340 2512 equitumque
355 2433 486 2512 legiones
501 2444 614 2507 auctas,
630 2436 754 2496 milibus
772 2437 908 2515 peditum
929 2446 959 2498 et
979 2458 1047 2497 cen·

141 2514 219 2573 tertis
244 2513 399 2592 equitibus
423 2514 456 2573 in
480 2515 616 2594 singulas
637 2516 771 2595 adjectis,
790 2527 824 2577 ut
845 2518 939 2596 quina
959 2517 1046 2578 milia

140 2594 290 2672 pediturn,
313 2595 426 2654 treceni
451 2596 565 2674 equites
590 2605 696 2670 essent,
718 2598 791 2657 socii
813 2597 968 2677 duplicem
991 2619 1045 2658 nu·

141 2693 259 2734 merum
275 2675 412 2753 equitum
427 2675 545 2749 darent,
558 2676 669 2754 peditis
689 2688 865 2757 aequarent,
879 2687 993 2757 septem
1014 2687 1045 2739 et

140 2756 298 2833 octoginta
311 2755 399 2815 milia
412 2765 599 2815 armatorum
613 2766 643 2816 et
658 2756 802 2818 ducentos
817 2758 849 2817 in
864 2758 970 2820 castris
985 2759 1044 2820 aa
1059 2759 1099 2820 30

139 2837 237 2894 manis
253 2835 355 2914 faisse,
371 2854 439 2895 cum
463 2842 633 2913 pugnatum
654 2835 694 2896 ad
716 2835 837 2896 Cannas
858 2836 1050 2916 estquidam

138 2923 277 2975 auctores
292 2924 371 2976 sunt.
414 2914 500 2974 Illud
516 2915 754 2993 haudquaquam
766 2917 925 2996 discrepat,
936 2919 1050 2978 ma‘ore

141 2999 253 3050 conatu
282 3000 375 3070 atque
402 2991 518 3070 impetu
547 3011 611 3051 rem
643 3002 742 3052 aetam
772 3015 864 3072 quam
893 2939 1046 3076 prioribus

140 3070 238 3210 garris,
257 3071 334 3149 quia
354 3091 437 3150 spem
458 3092 544 3151 posse
564 3073 648 3132 vinci
669 3072 786 3133 hostem
808 3075 939 3136 dictator
960 3098 1046 3157 prae·
1060 3156 1100 3216 35

162 3160 257 3211 uerat.
629 3193 632 3198 ι

157 3271 160 3278 .
180 3231 331 3291 Ceterum·
345 3231 523 3310 priusquam
543 3232 630 3312 signa
651 3233 691 3294 ab
713 3233 787 3294 urbe
801 3255 899 3298 novae
912 3235 1046 3316 legiones

139 3321 307 3384 moverent,
318 3311 483 3372 decemviri
498 3312 593 3372 libros
607 3313 692 3373 adire
706 3325 797 3393 atque
811 3315 959 3394 inspicere
975 3318 1045 3377 'ussi

139 3402 264 3472 psopter
279 3391 399 3451 territos
410 3391 501 3470 volgo
515 3392 652 3468 homines
667 3395 753 3453 novis
767 3394 920 3472 prodigiis.
962 3339 1045 3456 itam

139 3483 171 3532 et
184 3473 306 3532 Romae
317 3471 350 3530 in
365 3470 522 3532 Aventino
537 3481 567 3531 et
581 3472 706 3531 Ariciae
720 3473 895 3532 nuntiatum
909 3482 975 3534 erat
988 3473 1051 3534 sub
