2568 3782
409 279 543 328 mana
569 283 682 348 xxn,
711 266 840 332 26-27.
1065 267 1126 332 171

169 437 282 500 deinde
296 438 336 498 ad
351 438 478 500 honores
496 441 652 519 pervenit3
673 449 895 521 quaesturaque
909 449 940 502 et
954 441 1073 503 duabus

169 519 390 591 aedilitatibus,
405 516 524 599 plebeia
538 529 569 580 et
583 521 692 595 curuli,
707 531 858 601 postremo
879 530 910 584 et
929 532 1075 602 praetura

169 599 356 678 perfunctus,
373 601 440 679 jam
460 601 510 660 ad*
522 601 696 662 consulatus
716 622 800 681 spem
822 621 891 662 cum
912 602 1074 664 adtolleret

169 680 297 753 animos,
312 679 395 739 haud
411 701 520 759 parum
535 681 647 741 callide
668 700 775 742 auram
791 683 903 742 favoris
917 683 1073 762 popularis

169 780 208 818 cx
224 761 381 899 dictqtoris
396 761 516 822 invidia
529 762 627 840 petiit,
641 764 768 841 scitique
789 762 887 842 plebis
907 783 986 824 unus
1006 785 1074 844 gra·
1109 765 1128 826 5

169 839 244 899 tiam
259 849 293 902 tu
309 841 341 900 it.

210 920 325 981 Omnes
345 941 412 981 eam
433 923 760 1002 rogationemquique
780 923 897 983 Romae
915 923 1027 1002 quique
1041 924 1073 987 in

169 1001 307 1062 exercitu
334 1011 430 1076 erant,
456 1003 546 1081 aequi
574 1013 665 1082 atque
693 1003 800 1083 iniqui,
825 1013 946 1082 praeter
973 1003 1072 1083 ipsum

168 1081 361 1155 dictatorem,
382 1083 414 1141 in
437 1083 653 1144 contumeliam
674 1085 737 1162 ejus
758 1083 853 1144 latam
882 1094 1072 1163 acceperuut

169 1160 248 1240 Ipse,
264 1182 325 1241 qua
339 1163 492 1240 gravitate
513 1163 609 1224 animi
628 1163 823 1224 criminantes
837 1184 868 1223 se
882 1164 920 1223 ad
937 1165 1073 1225 multitu·
1089 1167 1128 1226 10

168 1242 272 1302 dinem
296 1243 435 1303 inimicos
459 1243 582 1315 tulerat,
597 1244 703 1304 eadem
724 1253 754 1304 et
774 1243 880 1324 populi
904 1244 935 1302 in
958 1265 989 1304 se
1011 1265 1073 1306 sae

167 1323 281 1384 viantis
309 1323 454 1402 injuriam
483 1323 570 1397 tulit3
594 1325 787 1404 acceptisque
814 1324 844 1383 iu
875 1323 938 1402 ipso
966 1325 1073 1386 itinere

168 1401 279 1463 litteris
292 1412 416 1464 senatus
429 1404 467 1464 de
479 1413 610 1483 aequato
625 1404 761 1484 imperio,
775 1403 849 1466 satis
870 1403 965 1464 fideus
985 1405 1072 1466 haut

168 1503 322 1562 quaquam
345 1505 414 1544 cum
435 1484 556 1564 imperii
572 1485 641 1565 jure
663 1494 757 1544 artem
773 1484 944 1563 imperandi
964 1505 1073 1564 aequa·

167 1571 242 1637 tam,
257 1584 326 1624 cum
342 1584 437 1643 aeque
451 1565 566 1626 invicto
580 1586 600 1625 a
614 1564 733 1627 civibus
747 1565 944 1645 hostibusque
958 1567 1070 1640 animo,
1087 1567 1125 1628 15

167 1644 206 1703 ad
222 1645 392 1704 exercitum
406 1645 504 1706 rediit.

208 1723 357 1784 XXVII.
399 1725 554 1786 Minucius
567 1745 650 1800 veru,
664 1746 735 1788 cum
752 1727 817 1807 jam
839 1735 911 1786 ante
924 1725 978 1787 vix
1000 1725 1072 1787 tole·

165 1802 275 1864 rabilis
303 1803 408 1865 fuisset
434 1805 574 1866 secundis
599 1807 688 1866 rebus
713 1828 748 1867 ac
769 1809 875 1867 l'avcre
895 1806 988 1886 volgi,
1006 1815 1072 1867 tum

167 1885 275 1963 utique
292 1885 444 1945 inmodice
465 1887 691 1966 inmodesteque
705 1908 767 1947 non
782 1886 961 1947 Hannibale
975 1888 1071 1966 magis

166 1964 248 2026 victo
270 1964 311 2024 ab
331 1986 363 2026 se
383 1987 474 2045 quam
491 1967 529 2043 Q.
546 1967 644 2028 Fabio
665 1966 800 2047 gloriari.
843 1966 956 2026 ‘Illum
976 1967 1008 2026 iu
1027 1987 1071 2028 re·
1086 1971 1127 2033 20

166 2043 223 2105 bus
238 2046 353 2124 asperis
367 2048 493 2106 unicum
507 2047 615 2108 ducem
629 2068 666 2108 ac
679 2068 785 2127 parem
800 2047 969 2126 quaesitum
985 2047 1070 2107 Han-

166 2125 273 2198 nibali,
284 2127 428 2206 majorem
442 2127 561 2199 minori,
572 2128 751 2188 dictatorem
765 2129 910 2206 magistro
924 2129 1071 2206 equitum,

166 2206 248 2285 quod
269 2206 359 2266 nulla
379 2207 526 2268 memoria
546 2208 660 2268 habeat
681 2208 849 2280 annalium,
859 2208 946 2288 jussu
964 2209 1071 2287 populi

165 2296 330 2364 aequatum
345 2288 377 2347 in
391 2287 497 2348 eadem
512 2287 647 2362 civitate,
658 2289 690 2348 in
706 2309 766 2367 qua
781 2288 919 2367 magistri
933 2289 1070 2366 equitum

165 2367 270 2446 virgas
294 2387 330 2427 ac
353 2388 471 2428 secures
493 2368 653 2430 dictaturis
678 2379 806 2429 tremere
830 2380 923 2447 atque
947 2368 1069 2430 horrere
1084 2371 1124 2432 25

165 2446 248 2508 soliti
282 2449 360 2521 sint;
396 2457 518 2509 tantum
545 2470 632 2510 suam
660 2450 838 2510 felicitatem
867 2448 1071 2529 virtutemque

165 2528 316 2590 enituisse.
357 2529 443 2609 Ergo
457 2543 631 2590 secuturum
645 2551 676 2590 se
690 2529 845 2590 fortunam
859 2550 954 2603 suam,
969 2531 994 2589 si
1009 2530 1071 2591 dic·

165 2615 246 2668 tator
260 2610 293 2668 in
308 2611 502 2671 cunctatione
516 2631 552 2671 ac
566 2612 702 2690 segnitie,
715 2611 840 2671 deorum
851 2611 1071 2690 hominumque

165 2689 284 2768 judicio
295 2690 450 2765 damnata,
461 2692 626 2772 perstaret?
670 2691 789 2770 Itaque,
800 2712 859 2770 quo
874 2691 923 2752 die
937 2690 1070 2768 primum

164 2769 339 2850 congressus
360 2782 404 2832 est
425 2793 496 2832 cum
519 2773 558 2848 Q.
580 2772 686 2844 Fabio,
703 2772 913 2833 ‘statuendum
933 2771 1068 2830 omnium
1084 2772 1123 2833 30
1198 2781 1201 2786 '

163 2851 315 2930 'primum'
330 2856 374 2913 ait
390 2857 478 2926 ‘essa
493 2853 637 2932 quemad
652 2854 775 2913 modum
790 2852 920 2932 imperio
940 2859 1069 2930 aequato

163 2942 308 2993 utantur:
330 2954 361 2993 se
385 2942 544 3012 optumum
574 2935 692 3008 ducere,
718 2944 772 2994 aut
800 2932 906 2999 diebus
934 2931 1069 3005 alternis,

162 3022 225 3085 aut,
240 3013 266 3073 si
288 3015 411 3092 majora·
424 3015 590 3075 intervalla
611 3014 776 3094 placerent,
791 3013 913 3094 partitis
928 3011 1070 3090 tempori·

162 3090 226 3166 bue,
242 3094 368 3154 alterius
389 3114 541 3154 summum
558 3095 609 3174 jus
630 3096 852 3173 imperiumque
874 3113 944 3165 esse,
959 3102 994 3151 ut
1012 3111 1069 3170 par

161 3173 240 3233 hosti
261 3195 323 3234 non
344 3175 443 3234 solum
465 3175 600 3248 consilio,
620 3175 673 3234 sed
693 3175 809 3236 viribus
830 3174 922 3234 etiam
944 3181 1028 3244 esset,
1043 3172 1067 3231 si
1082 3171 1121 3232 35

160 3267 253 3332 quam
269 3255 457 3314 occasionem
471 3255 515 3315 rei
530 3254 680 3334 gerendae
695 3254 868 3315 habuisset?
912 3252 950 3329 Q.
968 3251 1066 3310 Fabio

159 3333 399 3414 haudquaquam
429 3335 460 3394 id
489 3336 626 3414 placere:
664 3335 783 3394 ‘omnia
817 3334 972 3392 fortunam
998 3349 1067 3396 eom

16 3445 17 3464 r
50 3483 52 3488 ,
154 3413 314 3487 habitura,
330 3435 553 3494 quamcumque
567 3413 722 3474 temeritas
737 3412 881 3490 conlegae
894 3410 1066 3498 hahuisset3

157 3495 216 3554 sibi
245 3495 513 3556 communicatum·
530 3511 603 3554 ¹cum
630 3493 696 3564 illo,
716 3511 778 3552 non
803 3493 990 3565 ademptum,
1012 3506 1065 3546 rm·
