2520 3784
163 221 207 288 32
334 240 423 286 r1n1
451 239 546 288 n1v1
573 237 628 284 aa
655 239 773 287 vana
803 239 994 286 cosmas

217 417 276 477 que
295 397 419 458 Etrusci
439 396 588 474 fuerunt)
604 405 634 456 et
648 396 729 474 quod
744 396 810 474 ipsa
824 396 1035 476 propinquitas
1050 397 1125 470 loci,

216 481 242 536 si
267 478 409 537 Romana
436 497 522 536 arma
550 476 691 536 omnibus
718 477 828 536 infesta
852 477 990 537 finitimis
1014 486 1125 550 essent,

217 557 404 618 stimulabat
448 557 484 616 ln
497 557 570 616 lines
582 557 735 616 Romanos
746 569 986 617 excucurrerunt
996 558 1127 637 popula·

219 637 314 697 bundi
344 637 440 716 magis
465 657 556 716 quam
579 638 657 716 justi
685 657 768 696 more
792 637 875 698 belli.
928 638 1036 717 Itaque
1061 658 1126 697 non

185 718 325 778 {icastris
359 719 473 797 positis,
502 737 563 777 non
598 729 773 796 exspectato
808 717 941 779 hostium
976 719 1126 790 exercitu,

219 811 340 878 raptam
365 819 403 858 ex
428 799 510 877 agris
534 798 678 876 praedam
705 808 860 877 portantes
882 799 975 860 Veios
997 798 1124 858 rediere.

220 879 378 940 Romanus
413 891 528 950 contra,
557 888 716 957 postquam
746 879 860 938 hostem
889 881 922 939 in
950 881 1032 958 agris
1061 898 1125 938 non

219 961 347 1033 invenit,
373 960 563 1018 dimicationi
589 958 716 1018 ultimae
741 960 907 1020 instructus
927 961 1126 1037 intentusque

220 1041 352 1101 Tiberim
375 1041 492 1101 transit.
536 1040 637 1116 Quem
659 1051 817 1120 postquam
839 1052 939 1102 castra
959 1060 1072 1120 ponere
1093 1049 1127 1100 et

168 1124 206 1186 10
220 1125 260 1184 ad
290 1124 394 1182 urbem
423 1141 614 1182 accessurum
642 1121 786 1181 Veientes
817 1123 971 1196 audivere,
999 1122 1126 1183 obviam

220 1205 338 1284 egressi,
355 1216 389 1264 ut
409 1204 509 1283 potius
532 1203 597 1262 acie
617 1203 823 1275 decernerent,
838 1224 928 1282 quam
952 1203 1063 1263 inclusi
1085 1202 1125 1262 de

220 1286 306 1348 tectis
335 1285 551 1364 moenibusque
579 1284 769 1344 dimicarent.
812 1283 862 1343 lbi
890 1285 1006 1345 viribus
1034 1283 1126 1344 nulla

221 1379 287 1430 arte
312 1367 435 1446 adjutis
456 1377 576 1425 tantum
599 1366 736 1425 veterani
761 1365 868 1426 robore
891 1367 1043 1426 exercitus
1066 1385 1125 1424 rex

222 1449 378 1510 Romanus
393 1448 477 1520 vicit,
492 1457 726 1526 persecutusque
740 1446 821 1507 fusos
836 1447 874 1508 ad
890 1450 1010 1508 moenia
1024 1448 1125 1506 hostes

168 1530 207 1592 15
222 1531 297 1591 urbe
320 1529 424 1590 valida
446 1530 541 1588 muris
569 1549 605 1588 ac
633 1529 692 1588 situ
722 1529 786 1606 ipso
815 1529 934 1589 munita
956 1529 1123 1600 abstinuit;

221 1633 310 1691 agros
330 1611 449 1672 rediens
464 1619 573 1682 vastat,
588 1609 756 1670 ulciscendi
770 1611 867 1689 magis
886 1632 977 1690 quam
994 1611 1125 1687 praedae
1227 1637 1234 1653 ι

221 1695 338 1756 studio:
352 1713 448 1772 eaque
462 1692 550 1752 clade
564 1692 641 1751 haut
655 1692 756 1750 minus
770 1712 861 1769 quam
877 1692 1006 1752 adversa
1020 1711 1126 1772 pugna

222 1775 350 1849 subacti,
370 1773 514 1835 Veientes
543 1794 647 1852 pacem
677 1773 804 1852 petitum
834 1781 967 1833 oratores
992 1773 1125 1832 Romam

222 1859 356 1918 mittunt.
399 1855 479 1934 Agri
500 1863 588 1934 parte
610 1853 746 1914 multatis
767 1853 800 1911 in
821 1862 943 1912 centum
966 1874 1061 1913 annos
1080 1853 1124 1912 in·

169 1936 208 1997 20
223 1939 326 1998 dutiae
346 1937 444 1996 datae.

264 2019 349 2080 Haec
377 2020 471 2078 ferme
498 2016 631 2078 Romulo
659 2024 805 2095 regnante
830 2014 913 2076 domi
936 2015 1125 2095 militiaeque

223 2110 316 2179 gesta,
338 2119 466 2178 quorum
489 2099 568 2158 nihil
589 2099 734 2157 absonum
758 2097 829 2156 fidei
854 2097 979 2157 divinae
999 2097 1125 2176 originis

223 2181 455 2257 divinitatisque
469 2191 536 2259 post
551 2188 677 2238 mortem
702 2178 835 2237 creditae
856 2178 1042 2252 fuit—non
1064 2177 1126 2238 ani-

224 2281 291 2320 mus
306 2261 337 2318 in
352 2281 444 2337 regno
458 2261 541 2320 avito
557 2259 773 2337 recuperando,
784 2279 845 2316 non
856 2258 1032 2318 condendae
1042 2258 1126 2317 urbis
1170 2303 1175 2338 3

170 2339 394 2411 2bconsilium,
418 2361 478 2399 non
508 2340 588 2400 bello
615 2360 651 2398 ac
679 2359 752 2417 pace
777 2338 953 2398 firmandae.
995 2337 1047 2398 Ab
1072 2338 1126 2398 illo

223 2423 304 2482 enirn
320 2421 454 2500 profecto
469 2420 586 2480 viribus
601 2419 680 2478 datis
698 2427 818 2478 tantum
835 2419 942 2490 valuit,
958 2428 992 2478 ut
1007 2420 1036 2477 in
1052 2439 1124 2498 qua·

223 2502 368 2579 draginta
382 2501 490 2560 deinde
505 2521 599 2560 annos
614 2509 711 2559 tutam
725 2518 829 2576 pacem
845 2499 978 2560 haberet.
1021 2499 1126 2559 Multi-

223 2583 325 2643 tudini
346 2593 448 2642 tamen
470 2582 585 2660 gratior
603 2580 662 2646 fuit
679 2599 770 2658 quam
791 2578 936 2657 patribus,
952 2580 1042 2658 longe
1056 2589 1126 2639 ante

223 2663 300 2724 alios
329 2663 554 2740 acceptissimus
586 2661 720 2720 militum
756 2661 883 2719 animis:
911 2670 1127 2738 ,trecentosque

170 2743 211 2804 30
224 2752 357 2804 armatos
371 2743 410 2802 ad
426 2743 592 2803 custodiam
608 2740 750 2818 corporis,
766 2759 841 2817 qnos
855 2740 974 2800 Celeres
992 2739 1125 2818 appella·

223 2826 278 2892 vit,
294 2845 353 2883 non
370 2824 399 2883 in
416 2823 497 2882 bello
510 2823 617 2888 solum,
633 2821 683 2880 sed
699 2821 791 2878 etiam
805 2819 836 2878 in
853 2840 927 2899 pace
941 2821 1058 2880 habuit.

264 2904 356 2964 XVI.
400 2904 459 2963 His
481 2901 693 2962 inmortalibus
714 2900 803 2959 editis
825 2900 974 2978 operibus
997 2921 1066 2960 cum
1088 2901 1127 2961 ad

223 2985 392 3044 exercitum
421 2983 636 3042 recensendum
671 2981 843 3041 contionem
878 2982 909 3040 in
945 3001 1053 3060 campo
1088 2981 1126 3041 ad
1187 3051 1190 3055 ,

225 3065 344 3144 Caprae
373 3064 514 3142 paludem
545 3062 678 3133 haberet,
706 3060 808 3120 subito
836 3071 939 3121 coorta
966 3071 1127 3140 tempestas

172 3144 211 3204 35
226 3167 295 3205 cunr
318 3165 428 3218 magno
450 3144 570 3220 fragore
591 3141 814 3219 tonitribusque
832 3150 895 3201 tam
915 3143 1006 3202 denso
1026 3162 1127 3220 regem

225 3226 345 3302 operuit
356 3223 472 3294 nimbo,
480 3236 513 3282 ut
524 3231 716 3294 conspectum
727 3222 790 3298 ejus
801 3223 934 3281 contioni
949 3222 1110 3281 abstulerit
1120 3243 1126 3294 ;

225 3325 280 3363 nec
299 3303 408 3362 deinde
430 3304 461 3360 in
483 3303 570 3360 terris
593 3301 741 3360 Romulus
756 3300 824 3358 fuit.
868 3302 1008 3360 Romana
1023 3301 1127 3380 pubeS,

223 3384 328 3443 sedato
350 3382 471 3442 tandem
495 3400 615 3458 pavore,
630 3392 790 3457 postquam
806 3400 843 3437 ex
862 3390 925 3440 tam
941 3381 1063 3440 turbido
1078 3383 1128 3442 die

224 3483 329 3523 serena
351 3471 381 3522 et
403 3460 572 3539 tranquilla
594 3459 651 3519 lux
676 3457 777 3530 rediit,
800 3457 852 3518 ubi
874 3481 1003 3522 vacuam
1021 3461 1128 3522 vsedern
1155 3473 1172 3489 '¹
