2562 3788
160 215 223 282 198
333 232 424 278 rrrr
451 231 547 279 nrvr
574 231 630 280 aa
654 233 771 282 vasa
799 233 995 282 counrru

212 387 424 469 noscendaque
450 409 504 468 per
528 388 665 468 inpigros
689 390 818 470 juvenes
846 411 925 464 esse;
955 391 1035 453 illud
1067 413 1125 474 per

212 478 317 550 patres
329 469 407 548 ipsos
421 468 583 548 agendum,
599 471 744 549 quoniam
759 472 994 550 magistratuum
1010 494 1124 552 parum

212 551 262 622 sit,
282 558 318 610 ut
338 549 506 610 tumultum
527 570 564 610 ac
585 550 819 629 trepidationem
841 553 873 611 in
895 553 971 613 urbe
996 555 1124 627 tollant,

213 638 369 691 matronas
393 629 518 708 publico
540 641 665 691 arceant
690 631 900 710 continerique
925 633 1008 693 intra
1030 655 1124 695 suum

180 711 366 790 bquamque
405 709 499 770 limen
539 719 659 789 cogant,
695 710 891 792 conploratus
931 712 1123 775 familiarum

215 799 382 864 coerceant,
417 791 573 851 silentium
609 812 663 870 per
698 791 804 852 urbem
840 793 966 867 faciant,
997 796 1124 856 nuntios

214 890 315 930 rerum
330 870 466 930 omnium
481 871 521 931 ad
536 882 688 950 praetores
704 872 898 934 deducendos
916 884 1032 942 curent.
1048 896 1124 936 suae

215 951 342 1031 quisque
355 951 495 1012 fortunae
509 952 591 1012 domi
613 960 767 1013 auctorem
784 963 954 1032 expectent,
970 957 1124 1016 custodes·

215 1051 275 1112 que
302 1041 459 1112 praeterea
485 1032 526 1092 ad
554 1042 657 1112 portas
693 1043 819 1113 ponant,
849 1035 902 1114 qui
937 1035 1125 1114 prohibeant

162 1115 202 1177 10
215 1132 399 1193 quemquam
413 1112 517 1192 egredi
532 1113 649 1188 urbem,
666 1123 836 1193 cogantque
850 1114 986 1176 homines
1001 1116 1123 1176 nullam

216 1193 274 1254 nisi
296 1192 370 1253 urbe
391 1213 427 1253 ac
448 1192 606 1254 moenibus
627 1195 720 1255 salvis
738 1194 868 1256 salutem
885 1216 1014 1275 sperare.
1058 1196 1124 1258 Ubi

216 1274 396 1335 conticuerit
411 1273 569 1348 tumultus,
585 1284 651 1336 tum
666 1277 699 1334 in
714 1276 831 1336 curiam
844 1286 953 1356 patres
973 1296 1122 1338 revocan-

216 1355 270 1416 dos
286 1353 565 1436 consulendumque
580 1356 617 1416 de
632 1355 716 1417 urbis
730 1356 871 1416 custodia
884 1356 965 1417 essa’

256 1434 344 1497 LVI.
386 1434 521 1496 (lumin
546 1435 626 1497 hanc
651 1437 833 1497 sententiam
861 1436 989 1515 pedibus
1018 1457 1124 1498 omnes

159 1513 198 1575 15
215 1511 314 1587 issent,
347 1523 498 1575 summota
518 1535 556 1574 ue
596 1515 662 1575 foro
697 1536 755 1594 per
784 1515 978 1594 magistratus
1019 1516 1124 1590 turba,

207 1601 314 1671 patres
342 1593 453 1654 diversi
547 1594 695 1655 sedandos
727 1593 878 1654 turnultus
912 1594 1124 1669 discessissent,

215 1679 282 1728 tum
304 1668 427 1729 demum
448 1669 568 1732 litterae
589 1691 609 1732 a
630 1673 664 1733 0.
685 1671 828 1733 Terentio
857 1674 980 1734 consule
1007 1675 1125 1736 allatae

216 1756 303 1810 sunt:
320 1748 373 1810 ‘L.
389 1749 557 1812 Aemilium
573 1753 726 1813 consulem
742 1752 970 1832 exercitumque
985 1773 1123 1829 caesum3

216 1850 278 1891 sese
303 1828 427 1891 Canusii
452 1852 522 1905 esse,
549 1833 693 1913 reliquias
719 1840 823 1893 tantae
847 1833 943 1893 cladis
967 1835 1054 1896 velut
1082 1855 1125 1896 ex

163 1910 203 1972 20
217 1911 377 1990 naufragio
412 1912 624 1992 colligentem
660 1914 700 1974 ad
729 1913 831 1973 decem
867 1913 952 1974 milia
986 1915 1124 1975 militum

216 1991 311 2052 ferme
335 2011 397 2052 esse
422 1993 680 2072 inconpositorum
705 1994 1025 2073 inordinatorumque;
1048 1995 1124 2056 Poe-

217 2093 289 2132 num
305 2072 408 2133 sedere
422 2073 462 2133 ad
476 2073 608 2146 Cannas,
623 2075 653 2133 in
671 2075 863 2154 captivorum
877 2075 982 2154 pretiis
996 2076 1125 2154 praeda·

217 2173 275 2232 que
295 2153 359 2214 alia
379 2173 434 2213 nec
455 2155 579 2214 victoris
600 2155 702 2215 auimo
724 2174 779 2215 uec
800 2156 904 2233 magni
927 2155 1013 2215 ducis
1037 2176 1125 2217 more

217 2233 458 2294 nundinantem!
513 2234 590 2294 Tum
620 2236 761 2314 privatae
789 2255 908 2314 quoque
935 2255 989 2314 per
1016 2235 1124 2297 domos

164 2312 203 2374 25
217 2313 318 2375 clades
332 2314 475 2394 vulgatae
489 2324 569 2389 sunt,
584 2316 719 2396 adeoque
738 2323 834 2376 totam
856 2313 963 2375 urbem
983 2317 1125 2396 opplevit

216 2394 326 2467 luctus,
341 2405 376 2456 ut
390 2416 510 2455 sacrum
525 2397 768 2458 anniversarium
783 2395 900 2456 Cereris
914 2396 1123 2457 intermissum

216 2475 265 2549 sit,
279 2476 352 2554 quia
365 2495 421 2536 nec
436 2475 611 2554 lugentibus
625 2477 657 2537 id
673 2477 773 2538 facere
793 2487 839 2537 est
858 2476 904 2536 fas
924 2496 979 2538 nec
1001 2477 1069 2537 ulla
1088 2479 1124 2538 in

216 2555 272 2616 illa
282 2565 461 2636 tempestate
471 2566 611 2619 matrona
622 2578 730 2637 expers
745 2557 846 2618 luctus
860 2557 969 2617 fuerat.
1011 2556 1125 2637 Itaque

216 2656 255 2697 ue
268 2636 306 2697 ob
320 2637 447 2697 eandem
462 2657 582 2699 causam
598 2638 661 2699 alia
675 2658 795 2718 quoque
815 2645 902 2698 sacra
942 2636 1046 2698 ublica
1067 2647 1124 2699 aut

163 2715 203 2778 ³0
215 2716 337 2857 privata
351 2718 567 2792 desererentur,
582 2727 703 2779 senatus
718 2718 856 2780 consulto
872 2657 978 2778 dicius
991 2718 1124 2798 triginta

229 2807 316 2858 uctus
329 2808 374 2859 est
387 2798 499 2859 finitus.

256 2878 398 2939 Ceterum
423 2899 502 2951 cum,
527 2879 631 2940 sedato
655 2878 740 2940 urbis
764 2878 910 2953 tumultu,
932 2878 1070 2939 revocati
1090 2878 1124 2940 in

215 2959 333 3019 curiam
348 2967 448 3038 patres
463 2968 569 3032 essent,
585 2960 665 3021 aliae
686 2960 809 3039 iusuper
824 2979 862 3019 ex
877 2958 985 3020 Sicilia
999 2959 1123 3021 litterae

215 3038 338 3099 adlatae
366 3047 437 3099 sunt
461 3038 500 3099 ab
525 3039 559 3100 T.
580 3039 719 3101 Otacilio
743 3050 949 3120 propraetore,
975 3043 1123 3119 ‘regnum

162 3117 201 3178 35
216 3118 361 3178 Hieronis
375 3118 469 3179 classe
483 3118 602 3180 Punica
617 3121 749 3193 vastari;
770 3121 820 3180 cui
836 3141 905 3180 cum
920 3140 1007 3199 opem
1023 3121 1123 3200 inplo-

215 3198 298 3256 ranti
313 3197 391 3257 serre
405 3197 507 3272 vellet,
522 3201 697 3260 nuntiatum
719 3200 778 3261 sibi
800 3219 862 3260 esse
883 3201 976 3261 aliam
993 3200 1122 3261 classem

215 3276 254 3334 ad
270 3277 397 3353 Aegatis
417 3277 532 3338 insulas
552 3288 633 3339 stare
651 3289 791 3358 paratam
809 3281 1062 3360 instructamque,
1077 3291 1122 3354 ut,

214 3353 269 3412 ubi
289 3373 320 3412 se
334 3374 453 3414 versum
468 3357 508 3416 ad
523 3360 669 3418 tuendam
684 3359 908 3438 Syracusanam
924 3381 1008 3421 oram
1024 3361 1122 3422 Poeni

214 3432 382 3507 sensissent,
393 3433 576 3514 Lilybaeum
591 3439 746 3518 extemplo
759 3439 1010 3521 provinciamque
1024 3441 1121 3502 aliam
