<?xml version="1.0" encoding="UTF-8"?>
<!DOCTYPE html PUBLIC "-//W3C//DTD XHTML 1.0 Transitional//EN"
    "http://www.w3.org/TR/xhtml1/DTD/xhtml1-transitional.dtd">
<html xmlns="http://www.w3.org/1999/xhtml" xml:lang="en" lang="en">
 <head>
  <title>
</title>
<meta http-equiv="Content-Type" content="text/html;charset=utf-8" />
  <meta name='ocr-system' content='tesseract 3.04.00' />
  <meta name='ocr-capabilities' content='ocr_page ocr_carea ocr_par ocr_line ocrx_word'/>
</head>
<body>
  <div class='ocr_page' id='page_1' title='image "./historieslivybo01chasgoog_0211.png"; bbox 0 0 2562 3788; ppageno 0'>
   <div class='ocr_carea' id='block_1_1' title="bbox 159 243 996 310">
    <p class='ocr_par' dir='ltr' id='par_1_1' title="bbox 159 243 996 310">
     <span class='ocr_line' id='line_1_1' title="bbox 159 243 996 310; baseline 0.002 -2"><span class='ocrx_word' id='word_1_1' title='bbox 159 243 222 309; x_wconf 87' lang='grc'>206</span> <span class='ocrx_word' id='word_1_2' title='bbox 319 261 533 310; x_wconf 79' lang='lat' dir='ltr'>n1n1n1v1</span> <span class='ocrx_word' id='word_1_3' title='bbox 563 262 619 308; x_wconf 76' lang='lat' dir='ltr'>An</span> <span class='ocrx_word' id='word_1_4' title='bbox 645 262 761 310; x_wconf 79' lang='lat' dir='ltr'>vana</span> <span class='ocrx_word' id='word_1_5' title='bbox 791 263 996 310; x_wconf 68' lang='lat' dir='ltr'>commu.</span> 
     </span>
    </p>
   </div>
   <div class='ocr_carea' id='block_1_2' title="bbox 128 417 1122 3468">
    <p class='ocr_par' dir='ltr' id='par_1_2' title="bbox 211 417 1122 743">
     <span class='ocr_line' id='line_1_2' title="bbox 251 417 1122 500; baseline 0.007 -21"><span class='ocrx_word' id='word_1_6' title='bbox 251 417 310 480; x_wconf 89' lang='lat' dir='ltr'>Est</span> <span class='ocrx_word' id='word_1_7' title='bbox 320 427 351 479; x_wconf 90' lang='lat' dir='ltr'>et</span> <span class='ocrx_word' id='word_1_8' title='bbox 364 419 427 479; x_wconf 87' lang='lat' dir='ltr'>alia</span> <span class='ocrx_word' id='word_1_9' title='bbox 438 418 475 479; x_wconf 92' lang='lat' dir='ltr'>de</span> <span class='ocrx_word' id='word_1_10' title='bbox 487 419 617 498; x_wconf 86' lang='lat' dir='ltr'>captivis</span> <span class='ocrx_word' id='word_1_11' title='bbox 628 420 728 480; x_wconf 85' lang='lat' dir='ltr'>fama:</span> <span class='ocrx_word' id='word_1_12' title='bbox 744 420 847 481; x_wconf 90' lang='lat' dir='ltr'>decem</span> <span class='ocrx_word' id='word_1_13' title='bbox 860 420 974 500; x_wconf 90' lang='lat' dir='ltr'>primos</span> <span class='ocrx_word' id='word_1_14' title='bbox 984 423 1122 497; x_wconf 84' lang='lat' dir='ltr'>venisse;</span> 
     </span>
     <span class='ocr_line' id='line_1_3' title="bbox 211 499 1122 572; baseline 0.005 -12"><span class='ocrx_word' id='word_1_15' title='bbox 211 499 249 560; x_wconf 90' lang='lat' dir='ltr'>de</span> <span class='ocrx_word' id='word_1_16' title='bbox 263 500 305 559; x_wconf 87' lang='lat' dir='ltr'>eis</span> <span class='ocrx_word' id='word_1_17' title='bbox 320 519 389 560; x_wconf 91' lang='lat' dir='ltr'>cum</span> <span class='ocrx_word' id='word_1_18' title='bbox 405 499 579 559; x_wconf 76' lang='lat' dir='ltr'><strong>dubitatum</strong></span> <span class='ocrx_word' id='word_1_19' title='bbox 600 500 632 559; x_wconf 92' lang='lat' dir='ltr'>in</span> <span class='ocrx_word' id='word_1_20' title='bbox 653 511 759 561; x_wconf 89' lang='lat' dir='ltr'>senatu</span> <span class='ocrx_word' id='word_1_21' title='bbox 779 509 863 572; x_wconf 87' lang='lat' dir='ltr'>esset,</span> <span class='ocrx_word' id='word_1_22' title='bbox 879 501 1122 564; x_wconf 79' lang='lat' dir='ltr'>admitterentur</span> 
     </span>
     <span class='ocr_line' id='line_1_4' title="bbox 212 579 1121 653; baseline 0.007 -15"><span class='ocrx_word' id='word_1_23' title='bbox 212 581 243 638; x_wconf 92' lang='lat' dir='ltr'>in</span> <span class='ocrx_word' id='word_1_24' title='bbox 259 579 364 639; x_wconf 91' lang='lat' dir='ltr'>urbem</span> <span class='ocrx_word' id='word_1_25' title='bbox 377 599 480 652; x_wconf 88' lang='lat' dir='ltr'>necne,</span> <span class='ocrx_word' id='word_1_26' title='bbox 489 580 534 640; x_wconf 93' lang='lat' dir='ltr'>ita</span> <span class='ocrx_word' id='word_1_27' title='bbox 549 580 694 639; x_wconf 87' lang='lat' dir='ltr'>admissos</span> <span class='ocrx_word' id='word_1_28' title='bbox 704 594 774 653; x_wconf 85' lang='lat' dir='ltr'>esse,</span> <span class='ocrx_word' id='word_1_29' title='bbox 784 601 821 640; x_wconf 91' lang='lat' dir='ltr'>ue</span> <span class='ocrx_word' id='word_1_30' title='bbox 832 589 933 640; x_wconf 87' lang='lat' dir='ltr'>tamen</span> <span class='ocrx_word' id='word_1_31' title='bbox 947 581 985 641; x_wconf 88' lang='lat' dir='ltr'>iis</span> <span class='ocrx_word' id='word_1_32' title='bbox 996 595 1121 645; x_wconf 89' lang='lat' dir='ltr'>senatus</span> 
     </span>
     <span class='ocr_line' id='line_1_5' title="bbox 212 659 1119 743; baseline 0.004 -23"><span class='ocrx_word' id='word_1_33' title='bbox 212 660 353 731; x_wconf 88' lang='lat' dir='ltr'>daretur;</span> <span class='ocrx_word' id='word_1_34' title='bbox 384 659 573 720; x_wconf 86' lang='lat' dir='ltr'>morantibus</span> <span class='ocrx_word' id='word_1_35' title='bbox 601 659 713 720; x_wconf 89' lang='lat' dir='ltr'>deinde</span> <span class='ocrx_word' id='word_1_36' title='bbox 741 661 860 740; x_wconf 82' lang='lat' dir='ltr'>lougius</span> <span class='ocrx_word' id='word_1_37' title='bbox 889 661 1028 722; x_wconf 88' lang='lat' dir='ltr'>omnium</span> <span class='ocrx_word' id='word_1_38' title='bbox 1057 685 1119 743; x_wconf 91' lang='lat' dir='ltr'>spe,</span> 
     </span>
    </p>

    <p class='ocr_par' dir='ltr' id='par_1_3' title="bbox 178 739 1119 1139">
     <span class='ocr_line' id='line_1_6' title="bbox 178 739 1118 818; baseline 0.002 -16"><span class='ocrx_word' id='word_1_39' title='bbox 178 741 197 802; x_wconf 82' lang='grc'><strong><em>5</em></strong></span> <span class='ocrx_word' id='word_1_40' title='bbox 211 739 287 800; x_wconf 85' lang='lat' dir='ltr'>alios</span> <span class='ocrx_word' id='word_1_41' title='bbox 301 740 356 799; x_wconf 89' lang='lat' dir='ltr'>tris</span> <span class='ocrx_word' id='word_1_42' title='bbox 371 740 437 799; x_wconf 92' lang='lat' dir='ltr'>insu</span> <span class='ocrx_word' id='word_1_43' title='bbox 442 759 494 818; x_wconf 92' lang='lat' dir='ltr'>per</span> <span class='ocrx_word' id='word_1_44' title='bbox 507 739 623 818; x_wconf 81' lang='lat' dir='ltr'>legatos</span> <span class='ocrx_word' id='word_1_45' title='bbox 637 740 762 814; x_wconf 90' lang='lat' dir='ltr'>venisse,</span> <span class='ocrx_word' id='word_1_46' title='bbox 778 741 813 801; x_wconf 92' lang='lat' dir='ltr'>L.</span> <span class='ocrx_word' id='word_1_47' title='bbox 829 741 1023 802; x_wconf 85' lang='lat' dir='ltr'>Scribonium</span> <span class='ocrx_word' id='word_1_48' title='bbox 1040 753 1070 804; x_wconf 91' lang='lat' dir='ltr'>et</span> <span class='ocrx_word' id='word_1_49' title='bbox 1085 745 1118 805; x_wconf 88' lang='lat' dir='ltr'>C.</span> 
     </span>
     <span class='ocr_line' id='line_1_7' title="bbox 211 819 1119 902; baseline 0.006 -22"><span class='ocrx_word' id='word_1_50' title='bbox 211 820 414 898; x_wconf 87' lang='lat' dir='ltr'>Calpurnium</span> <span class='ocrx_word' id='word_1_51' title='bbox 429 829 459 880; x_wconf 91' lang='lat' dir='ltr'>et</span> <span class='ocrx_word' id='word_1_52' title='bbox 473 820 509 880; x_wconf 91' lang='lat' dir='ltr'>L.</span> <span class='ocrx_word' id='word_1_53' title='bbox 522 819 693 892; x_wconf 66' lang='lat' dir='ltr'>Manlium</span> <span class='ocrx_word' id='word_1_54' title='bbox 715 830 780 881; x_wconf 89' lang='lat' dir='ltr'>tum</span> <span class='ocrx_word' id='word_1_55' title='bbox 795 822 917 882; x_wconf 92' lang='lat' dir='ltr'>demum</span> <span class='ocrx_word' id='word_1_56' title='bbox 932 823 972 884; x_wconf 90' lang='lat' dir='ltr'>ab</span> <span class='ocrx_word' id='word_1_57' title='bbox 987 835 1119 902; x_wconf 78' lang='lat' dir='ltr'>cognato</span> 
     </span>
     <span class='ocr_line' id='line_1_8' title="bbox 211 899 1119 982; baseline 0.004 -22"><span class='ocrx_word' id='word_1_58' title='bbox 211 899 362 960; x_wconf 83' lang='lat' dir='ltr'>Scribonii</span> <span class='ocrx_word' id='word_1_59' title='bbox 384 899 508 960; x_wconf 90' lang='lat' dir='ltr'>tribuno</span> <span class='ocrx_word' id='word_1_60' title='bbox 529 899 627 979; x_wconf 89' lang='lat' dir='ltr'>plebis</span> <span class='ocrx_word' id='word_1_61' title='bbox 648 900 686 960; x_wconf 91' lang='lat' dir='ltr'>de</span> <span class='ocrx_word' id='word_1_62' title='bbox 707 901 891 962; x_wconf 82' lang='lat' dir='ltr'>redimendis</span> <span class='ocrx_word' id='word_1_63' title='bbox 916 905 1050 982; x_wconf 89' lang='lat' dir='ltr'>captivis</span> <span class='ocrx_word' id='word_1_64' title='bbox 1074 925 1119 964; x_wconf 91' lang='lat' dir='ltr'>re·</span> 
     </span>
     <span class='ocr_line' id='line_1_9' title="bbox 211 980 1118 1056; baseline 0.006 -16"><span class='ocrx_word' id='word_1_65' title='bbox 211 980 308 1041; x_wconf 84' lang='lat' dir='ltr'>latum</span> <span class='ocrx_word' id='word_1_66' title='bbox 335 1001 405 1054; x_wconf 90' lang='lat' dir='ltr'>esse,</span> <span class='ocrx_word' id='word_1_67' title='bbox 430 999 486 1041; x_wconf 88' lang='lat' dir='ltr'>nec</span> <span class='ocrx_word' id='word_1_68' title='bbox 511 981 662 1040; x_wconf 82' lang='lat' dir='ltr'>censuisse</span> <span class='ocrx_word' id='word_1_69' title='bbox 685 981 876 1042; x_wconf 91' lang='lat' dir='ltr'>redimendos</span> <span class='ocrx_word' id='word_1_70' title='bbox 900 995 1059 1056; x_wconf 64' lang='lat' dir='ltr'>senatum</span> <span class='ocrx_word' id='word_1_71' title='bbox 1089 993 1118 1045; x_wconf 87' lang='lat' dir='ltr'>et</span> 
     </span>
     <span class='ocr_line' id='line_1_10' title="bbox 211 1059 1116 1139; baseline 0.003 -19"><span class='ocrx_word' id='word_1_72' title='bbox 211 1081 304 1121; x_wconf 88' lang='lat' dir='ltr'>novos</span> <span class='ocrx_word' id='word_1_73' title='bbox 325 1059 440 1139; x_wconf 87' lang='lat' dir='ltr'>legatos</span> <span class='ocrx_word' id='word_1_74' title='bbox 461 1061 516 1120; x_wconf 89' lang='lat' dir='ltr'>tris</span> <span class='ocrx_word' id='word_1_75' title='bbox 537 1060 576 1120; x_wconf 90' lang='lat' dir='ltr'>ad</span> <span class='ocrx_word' id='word_1_76' title='bbox 598 1060 808 1122; x_wconf 87' lang='lat' dir='ltr'>Hannibalem</span> <span class='ocrx_word' id='word_1_77' title='bbox 831 1063 997 1136; x_wconf 83' lang='lat' dir='ltr'>revertisse,</span> <span class='ocrx_word' id='word_1_78' title='bbox 1013 1064 1116 1136; x_wconf 87' lang='lat' dir='ltr'>decem</span> 
     </span>
    </p>

    <p class='ocr_par' dir='ltr' id='par_1_4' title="bbox 158 1141 1118 1541">
     <span class='ocr_line' id='line_1_11' title="bbox 158 1141 1116 1222; baseline 0 -18"><span class='ocrx_word' id='word_1_79' title='bbox 158 1143 198 1205; x_wconf 88' lang='grc'>10</span> <span class='ocrx_word' id='word_1_80' title='bbox 211 1149 327 1203; x_wconf 91' lang='lat' dir='ltr'>veteres</span> <span class='ocrx_word' id='word_1_81' title='bbox 348 1141 534 1212; x_wconf 83' lang='lat' dir='ltr'>remansisse,</span> <span class='ocrx_word' id='word_1_82' title='bbox 556 1141 637 1221; x_wconf 91' lang='lat' dir='ltr'>quod</span> <span class='ocrx_word' id='word_1_83' title='bbox 659 1161 714 1220; x_wconf 87' lang='lat' dir='ltr'>per</span> <span class='ocrx_word' id='word_1_84' title='bbox 734 1162 856 1203; x_wconf 89' lang='lat' dir='ltr'>causam</span> <span class='ocrx_word' id='word_1_85' title='bbox 882 1144 1116 1222; x_wconf 85' lang='lat' dir='ltr'>recognoscendi</span> 
     </span>
     <span class='ocr_line' id='line_1_12' title="bbox 211 1221 1117 1300; baseline 0.002 -18"><span class='ocrx_word' id='word_1_86' title='bbox 211 1221 336 1282; x_wconf 85' lang='lat' dir='ltr'>nomina</span> <span class='ocrx_word' id='word_1_87' title='bbox 357 1221 549 1300; x_wconf 87' lang='lat' dir='ltr'>captivorum</span> <span class='ocrx_word' id='word_1_88' title='bbox 574 1221 614 1281; x_wconf 91' lang='lat' dir='ltr'>ad</span> <span class='ocrx_word' id='word_1_89' title='bbox 640 1221 851 1284; x_wconf 86' lang='lat' dir='ltr'>Hannibalem</span> <span class='ocrx_word' id='word_1_90' title='bbox 876 1243 914 1283; x_wconf 90' lang='lat' dir='ltr'>ex</span> <span class='ocrx_word' id='word_1_91' title='bbox 941 1224 1051 1284; x_wconf 91' lang='lat' dir='ltr'>itinere</span> <span class='ocrx_word' id='word_1_92' title='bbox 1074 1245 1117 1284; x_wconf 77' lang='lat' dir='ltr'>re</span> 
     </span>
     <span class='ocr_line' id='line_1_13' title="bbox 210 1300 1118 1381; baseline 0.006 -21"><span class='ocrx_word' id='word_1_93' title='bbox 210 1302 303 1381; x_wconf 86' lang='lat' dir='ltr'>gressi</span> <span class='ocrx_word' id='word_1_94' title='bbox 332 1300 478 1380; x_wconf 85' lang='lat' dir='ltr'>religione</span> <span class='ocrx_word' id='word_1_95' title='bbox 506 1321 569 1362; x_wconf 90' lang='lat' dir='ltr'>sese</span> <span class='ocrx_word' id='word_1_96' title='bbox 597 1302 813 1376; x_wconf 87' lang='lat' dir='ltr'>exsolvissent;</span> <span class='ocrx_word' id='word_1_97' title='bbox 840 1303 879 1364; x_wconf 89' lang='lat' dir='ltr'>de</span> <span class='ocrx_word' id='word_1_98' title='bbox 906 1303 943 1364; x_wconf 90' lang='lat' dir='ltr'>iis</span> <span class='ocrx_word' id='word_1_99' title='bbox 970 1304 1118 1365; x_wconf 90' lang='lat' dir='ltr'>dedendis</span> 
     </span>
     <span class='ocr_line' id='line_1_14' title="bbox 212 1381 1118 1464; baseline 0.003 -22"><span class='ocrx_word' id='word_1_100' title='bbox 212 1402 324 1460; x_wconf 86' lang='lat' dir='ltr'>magna</span> <span class='ocrx_word' id='word_1_101' title='bbox 345 1381 536 1442; x_wconf 82' lang='lat' dir='ltr'>contentione</span> <span class='ocrx_word' id='word_1_102' title='bbox 558 1391 659 1442; x_wconf 88' lang='lat' dir='ltr'>actum</span> <span class='ocrx_word' id='word_1_103' title='bbox 683 1383 714 1442; x_wconf 90' lang='lat' dir='ltr'>in</span> <span class='ocrx_word' id='word_1_104' title='bbox 736 1393 844 1444; x_wconf 88' lang='lat' dir='ltr'>senatu</span> <span class='ocrx_word' id='word_1_105' title='bbox 867 1404 938 1456; x_wconf 90' lang='lat' dir='ltr'>esse,</span> <span class='ocrx_word' id='word_1_106' title='bbox 959 1385 1118 1464; x_wconf 85' lang='lat' dir='ltr'>victosque</span> 
     </span>
     <span class='ocr_line' id='line_1_15' title="bbox 212 1463 1117 1541; baseline 0.003 -19"><span class='ocrx_word' id='word_1_107' title='bbox 212 1463 317 1541; x_wconf 86' lang='lat' dir='ltr'>paucis</span> <span class='ocrx_word' id='word_1_108' title='bbox 337 1463 494 1522; x_wconf 85' lang='lat' dir='ltr'>sententiis</span> <span class='ocrx_word' id='word_1_109' title='bbox 515 1463 567 1541; x_wconf 92' lang='lat' dir='ltr'>qui</span> <span class='ocrx_word' id='word_1_110' title='bbox 589 1463 742 1524; x_wconf 90' lang='lat' dir='ltr'>dedendos</span> <span class='ocrx_word' id='word_1_111' title='bbox 763 1465 952 1536; x_wconf 87' lang='lat' dir='ltr'>censuerint;</span> <span class='ocrx_word' id='word_1_112' title='bbox 981 1474 1117 1526; x_wconf 90' lang='lat' dir='ltr'>ceterum</span> 
     </span>
    </p>

    <p class='ocr_par' dir='ltr' id='par_1_5' title="bbox 159 1542 1118 1946">
     <span class='ocr_line' id='line_1_16' title="bbox 159 1542 1118 1622; baseline -0.001 -15"><span class='ocrx_word' id='word_1_113' title='bbox 159 1546 197 1607; x_wconf 82' lang='lat'>15</span> <span class='ocrx_word' id='word_1_114' title='bbox 212 1543 369 1622; x_wconf 87' lang='lat' dir='ltr'>proxumis</span> <span class='ocrx_word' id='word_1_115' title='bbox 390 1542 563 1603; x_wconf 86' lang='lat' dir='ltr'>censoribus</span> <span class='ocrx_word' id='word_1_116' title='bbox 584 1543 659 1604; x_wconf 87' lang='lat' dir='ltr'>adeo</span> <span class='ocrx_word' id='word_1_117' title='bbox 682 1543 822 1605; x_wconf 87' lang='lat' dir='ltr'>omnibus</span> <span class='ocrx_word' id='word_1_118' title='bbox 843 1545 921 1605; x_wconf 89' lang='lat' dir='ltr'>notis</span> <span class='ocrx_word' id='word_1_119' title='bbox 940 1544 1118 1622; x_wconf 75' lang='lat' dir='ltr'>ignominis</span> 
     </span>
     <span class='ocr_line' id='line_1_17' title="bbox 212 1624 1117 1705; baseline 0.004 -23"><span class='ocrx_word' id='word_1_120' title='bbox 212 1643 270 1702; x_wconf 91' lang='lat' dir='ltr'>que</span> <span class='ocrx_word' id='word_1_121' title='bbox 284 1624 434 1684; x_wconf 88' lang='lat' dir='ltr'>confectos</span> <span class='ocrx_word' id='word_1_122' title='bbox 450 1644 520 1696; x_wconf 89' lang='lat' dir='ltr'>esse,</span> <span class='ocrx_word' id='word_1_123' title='bbox 535 1633 570 1684; x_wconf 93' lang='lat' dir='ltr'>ut</span> <span class='ocrx_word' id='word_1_124' title='bbox 584 1624 709 1703; x_wconf 90' lang='lat' dir='ltr'>quidam</span> <span class='ocrx_word' id='word_1_125' title='bbox 724 1644 828 1684; x_wconf 91' lang='lat' dir='ltr'>eorum</span> <span class='ocrx_word' id='word_1_126' title='bbox 844 1635 968 1686; x_wconf 86' lang='lat' dir='ltr'>mortem</span> <span class='ocrx_word' id='word_1_127' title='bbox 984 1625 1043 1685; x_wconf 90' lang='lat' dir='ltr'>sibi</span> <span class='ocrx_word' id='word_1_128' title='bbox 1059 1627 1117 1705; x_wconf 92' lang='lat' dir='ltr'>ipsi</span> 
     </span>
     <span class='ocr_line' id='line_1_18' title="bbox 210 1702 1118 1784; baseline 0.003 -20"><span class='ocrx_word' id='word_1_129' title='bbox 210 1702 365 1784; x_wconf 86' lang='lat' dir='ltr'>extemplo</span> <span class='ocrx_word' id='word_1_130' title='bbox 388 1704 599 1778; x_wconf 87' lang='lat' dir='ltr'>consciverint,</span> <span class='ocrx_word' id='word_1_131' title='bbox 622 1705 713 1766; x_wconf 88' lang='lat' dir='ltr'>ceteri</span> <span class='ocrx_word' id='word_1_132' title='bbox 738 1726 798 1765; x_wconf 90' lang='lat' dir='ltr'>uon</span> <span class='ocrx_word' id='word_1_133' title='bbox 823 1705 888 1766; x_wconf 85' lang='lat' dir='ltr'>foro</span> <span class='ocrx_word' id='word_1_134' title='bbox 912 1705 1011 1766; x_wconf 86' lang='lat' dir='ltr'>solum</span> <span class='ocrx_word' id='word_1_135' title='bbox 1033 1707 1118 1767; x_wconf 89' lang='lat' dir='ltr'>omni</span> 
     </span>
     <span class='ocr_line' id='line_1_19' title="bbox 211 1784 1117 1865; baseline 0.004 -21"><span class='ocrx_word' id='word_1_136' title='bbox 211 1784 322 1844; x_wconf 88' lang='lat' dir='ltr'>deinde</span> <span class='ocrx_word' id='word_1_137' title='bbox 343 1785 417 1858; x_wconf 88' lang='lat' dir='ltr'>vita,</span> <span class='ocrx_word' id='word_1_138' title='bbox 440 1785 492 1845; x_wconf 88' lang='lat' dir='ltr'>sed</span> <span class='ocrx_word' id='word_1_139' title='bbox 517 1806 611 1864; x_wconf 88' lang='lat' dir='ltr'>prope</span> <span class='ocrx_word' id='word_1_140' title='bbox 638 1785 707 1846; x_wconf 89' lang='lat' dir='ltr'>luce</span> <span class='ocrx_word' id='word_1_141' title='bbox 735 1806 772 1846; x_wconf 91' lang='lat' dir='ltr'>ac</span> <span class='ocrx_word' id='word_1_142' title='bbox 800 1786 923 1865; x_wconf 91' lang='lat' dir='ltr'>publico</span> <span class='ocrx_word' id='word_1_143' title='bbox 952 1787 1117 1848; x_wconf 82' lang='lat' dir='ltr'>caruerint</span> 
     </span>
     <span class='ocr_line' id='line_1_20' title="bbox 212 1865 1118 1946; baseline 0.002 -21"><span class='ocrx_word' id='word_1_144' title='bbox 212 1865 322 1925; x_wconf 85' lang='lat' dir='ltr'>Mirari</span> <span class='ocrx_word' id='word_1_145' title='bbox 344 1867 440 1944; x_wconf 87' lang='lat' dir='ltr'>magis</span> <span class='ocrx_word' id='word_1_146' title='bbox 463 1865 538 1926; x_wconf 88' lang='lat' dir='ltr'>adeo</span> <span class='ocrx_word' id='word_1_147' title='bbox 559 1866 730 1944; x_wconf 85' lang='lat' dir='ltr'>discrepare</span> <span class='ocrx_word' id='word_1_148' title='bbox 755 1867 834 1926; x_wconf 86' lang='lat' dir='ltr'>inter</span> <span class='ocrx_word' id='word_1_149' title='bbox 854 1876 1001 1940; x_wconf 86' lang='lat' dir='ltr'>auctores,</span> <span class='ocrx_word' id='word_1_150' title='bbox 1023 1887 1118 1946; x_wconf 91' lang='lat' dir='ltr'>quam</span> 
     </span>
    </p>

    <p class='ocr_par' dir='ltr' id='par_1_6' title="bbox 158 1945 727 2026">
     <span class='ocr_line' id='line_1_21' title="bbox 158 1945 727 2026; baseline -0.005 -17"><span class='ocrx_word' id='word_1_151' title='bbox 158 1947 198 2009; x_wconf 81' lang='lat'>20</span> <span class='ocrx_word' id='word_1_152' title='bbox 212 1945 286 2026; x_wconf 90' lang='lat' dir='ltr'>quid</span> <span class='ocrx_word' id='word_1_153' title='bbox 301 1945 365 2007; x_wconf 89' lang='lat' dir='ltr'>veri</span> <span class='ocrx_word' id='word_1_154' title='bbox 380 1948 420 2006; x_wconf 90' lang='lat' dir='ltr'>sit</span> <span class='ocrx_word' id='word_1_155' title='bbox 434 1946 612 2019; x_wconf 89' lang='lat' dir='ltr'>discernere,</span> <span class='ocrx_word' id='word_1_156' title='bbox 627 1966 727 2024; x_wconf 87' lang='lat' dir='ltr'>queas.</span> 
     </span>
    </p>

    <p class='ocr_par' dir='ltr' id='par_1_7' title="bbox 208 2025 1118 2346">
     <span class='ocr_line' id='line_1_22' title="bbox 253 2025 1118 2106; baseline 0.002 -20"><span class='ocrx_word' id='word_1_157' title='bbox 253 2027 378 2104; x_wconf 76' lang='lat' dir='ltr'>Quanto</span> <span class='ocrx_word' id='word_1_158' title='bbox 394 2036 495 2087; x_wconf 89' lang='lat' dir='ltr'>autem</span> <span class='ocrx_word' id='word_1_159' title='bbox 511 2027 608 2106; x_wconf 89' lang='lat' dir='ltr'>major</span> <span class='ocrx_word' id='word_1_160' title='bbox 622 2047 658 2086; x_wconf 92' lang='lat' dir='ltr'>ea</span> <span class='ocrx_word' id='word_1_161' title='bbox 672 2025 773 2087; x_wconf 87' lang='lat' dir='ltr'>clades</span> <span class='ocrx_word' id='word_1_162' title='bbox 793 2025 1000 2106; x_wconf 88' lang='lat' dir='ltr'>superioribus</span> <span class='ocrx_word' id='word_1_163' title='bbox 1020 2025 1118 2088; x_wconf 87' lang='lat' dir='ltr'>cladi·</span> 
     </span>
     <span class='ocr_line' id='line_1_23' title="bbox 208 2105 1115 2186; baseline -0.002 -18"><span class='ocrx_word' id='word_1_164' title='bbox 208 2106 264 2168; x_wconf 88' lang='lat' dir='ltr'>bus</span> <span class='ocrx_word' id='word_1_165' title='bbox 283 2107 383 2180; x_wconf 89' lang='lat' dir='ltr'>fuerit,</span> <span class='ocrx_word' id='word_1_166' title='bbox 405 2107 455 2168; x_wconf 89' lang='lat' dir='ltr'>vel</span> <span class='ocrx_word' id='word_1_167' title='bbox 466 2127 501 2167; x_wconf 88' lang='lat' dir='ltr'>ea</span> <span class='ocrx_word' id='word_1_168' title='bbox 525 2126 572 2167; x_wconf 86' lang='lat' dir='ltr'>res</span> <span class='ocrx_word' id='word_1_169' title='bbox 594 2106 706 2167; x_wconf 91' lang='lat' dir='ltr'>indicio</span> <span class='ocrx_word' id='word_1_170' title='bbox 728 2113 775 2179; x_wconf 81' lang='lat' dir='ltr'>cst,</span> <span class='ocrx_word' id='word_1_171' title='bbox 790 2105 866 2186; x_wconf 82' lang='lat' dir='ltr'>quod</span> <span class='ocrx_word' id='word_1_172' title='bbox 872 2105 948 2186; x_wconf 82' lang='lat' dir='ltr'>fides</span> <span class='ocrx_word' id='word_1_173' title='bbox 961 2107 1115 2179; x_wconf 69' lang='lat' dir='ltr'>sociorum,</span> 
     </span>
     <span class='ocr_line' id='line_1_24' title="bbox 208 2184 1116 2267; baseline -0.002 -19"><span class='ocrx_word' id='word_1_174' title='bbox 208 2208 285 2267; x_wconf 92' lang='lat' dir='ltr'>quae</span> <span class='ocrx_word' id='word_1_175' title='bbox 299 2187 338 2247; x_wconf 85' lang='lat' dir='ltr'>ad</span> <span class='ocrx_word' id='word_1_176' title='bbox 361 2207 427 2247; x_wconf 89' lang='lat' dir='ltr'>eam</span> <span class='ocrx_word' id='word_1_177' title='bbox 450 2187 531 2247; x_wconf 91' lang='lat' dir='ltr'>diem</span> <span class='ocrx_word' id='word_1_178' title='bbox 555 2188 643 2247; x_wconf 88' lang='lat' dir='ltr'>firma</span> <span class='ocrx_word' id='word_1_179' title='bbox 656 2195 788 2259; x_wconf 88' lang='lat' dir='ltr'>steterat,</span> <span class='ocrx_word' id='word_1_180' title='bbox 803 2195 869 2246; x_wconf 88' lang='lat' dir='ltr'>turn</span> <span class='ocrx_word' id='word_1_181' title='bbox 882 2184 987 2251; x_wconf 88' lang='lat' dir='ltr'>labare</span> <span class='ocrx_word' id='word_1_182' title='bbox 1007 2187 1116 2266; x_wconf 88' lang='lat' dir='ltr'>coepit,</span> 
     </span>
     <span class='ocr_line' id='line_1_25' title="bbox 210 2263 1118 2346; baseline 0.002 -20"><span class='ocrx_word' id='word_1_183' title='bbox 210 2266 299 2326; x_wconf 87' lang='lat' dir='ltr'>nulla</span> <span class='ocrx_word' id='word_1_184' title='bbox 320 2267 454 2346; x_wconf 88' lang='lat' dir='ltr'>profecto</span> <span class='ocrx_word' id='word_1_185' title='bbox 476 2263 539 2327; x_wconf 91' lang='lat' dir='ltr'>alia</span> <span class='ocrx_word' id='word_1_186' title='bbox 559 2265 598 2326; x_wconf 90' lang='lat' dir='ltr'>de</span> <span class='ocrx_word' id='word_1_187' title='bbox 618 2286 651 2326; x_wconf 90' lang='lat' dir='ltr'>re</span> <span class='ocrx_word' id='word_1_188' title='bbox 671 2285 762 2344; x_wconf 88' lang='lat' dir='ltr'>quam</span> <span class='ocrx_word' id='word_1_189' title='bbox 781 2265 862 2344; x_wconf 91' lang='lat' dir='ltr'>quod</span> <span class='ocrx_word' id='word_1_190' title='bbox 879 2265 1118 2344; x_wconf 84' lang='lat' dir='ltr'>desperaverant</span> 
     </span>
    </p>

    <p class='ocr_par' dir='ltr' id='par_1_8' title="bbox 128 2344 1118 3468">
     <span class='ocr_line' id='line_1_26' title="bbox 157 2344 1116 2427; baseline -0.002 -18"><span class='ocrx_word' id='word_1_191' title='bbox 157 2348 196 2409; x_wconf 84' lang='lat'>25</span> <span class='ocrx_word' id='word_1_192' title='bbox 211 2348 248 2408; x_wconf 89' lang='lat' dir='ltr'>de</span> <span class='ocrx_word' id='word_1_193' title='bbox 269 2348 404 2427; x_wconf 90' lang='lat' dir='ltr'>imperio.</span> <span class='ocrx_word' id='word_1_194' title='bbox 447 2345 593 2406; x_wconf 83' lang='lat' dir='ltr'>Defecere</span> <span class='ocrx_word' id='word_1_195' title='bbox 614 2354 715 2405; x_wconf 87' lang='lat' dir='ltr'>autem</span> <span class='ocrx_word' id='word_1_196' title='bbox 736 2345 775 2405; x_wconf 87' lang='lat' dir='ltr'>ad</span> <span class='ocrx_word' id='word_1_197' title='bbox 798 2344 913 2406; x_wconf 89' lang='lat' dir='ltr'>Poenos</span> <span class='ocrx_word' id='word_1_198' title='bbox 934 2347 967 2405; x_wconf 92' lang='lat' dir='ltr'>hi</span> <span class='ocrx_word' id='word_1_199' title='bbox 989 2348 1116 2426; x_wconf 88' lang='lat' dir='ltr'>populi:</span> 
     </span>
     <span class='ocr_line' id='line_1_27' title="bbox 128 2425 1118 2506; baseline -0.003 -17"><span class='ocrx_word' id='word_1_200' title='bbox 128 2453 129 2456; x_wconf 44' lang='lat'>¹</span> <span class='ocrx_word' id='word_1_201' title='bbox 211 2427 360 2500; x_wconf 86' lang='lat' dir='ltr'>Atellani,</span> <span class='ocrx_word' id='word_1_202' title='bbox 376 2427 520 2499; x_wconf 85' lang='lat' dir='ltr'>Calatini,</span> <span class='ocrx_word' id='word_1_203' title='bbox 533 2427 671 2506; x_wconf 88' lang='lat' dir='ltr'>Hirpini,</span> <span class='ocrx_word' id='word_1_204' title='bbox 680 2425 853 2504; x_wconf 87' lang='lat' dir='ltr'>Apulorum</span> <span class='ocrx_word' id='word_1_205' title='bbox 869 2447 947 2504; x_wconf 89' lang='lat' dir='ltr'>pars,</span> <span class='ocrx_word' id='word_1_206' title='bbox 963 2425 1118 2488; x_wconf 84' lang='lat' dir='ltr'>Samnites</span> 
     </span>
     <span class='ocr_line' id='line_1_28' title="bbox 211 2505 1117 2585; baseline -0.001 -17"><span class='ocrx_word' id='word_1_207' title='bbox 211 2519 329 2584; x_wconf 90' lang='lat' dir='ltr'>praeter</span> <span class='ocrx_word' id='word_1_208' title='bbox 345 2509 480 2582; x_wconf 89' lang='lat' dir='ltr'>Pentros,</span> <span class='ocrx_word' id='word_1_209' title='bbox 496 2507 612 2568; x_wconf 87' lang='lat' dir='ltr'>Bruttii</span> <span class='ocrx_word' id='word_1_210' title='bbox 634 2526 745 2578; x_wconf 90' lang='lat' dir='ltr'>omnes,</span> <span class='ocrx_word' id='word_1_211' title='bbox 759 2505 897 2578; x_wconf 82' lang='lat' dir='ltr'>Lucani3</span> <span class='ocrx_word' id='word_1_212' title='bbox 919 2517 1040 2585; x_wconf 82' lang='lat' dir='ltr'>praeter</span> <span class='ocrx_word' id='word_1_213' title='bbox 1062 2509 1117 2567; x_wconf 91' lang='lat' dir='ltr'>hos</span> 
     </span>
     <span class='ocr_line' id='line_1_29' title="bbox 210 2585 1115 2662; baseline -0.006 -11"><span class='ocrx_word' id='word_1_214' title='bbox 210 2589 365 2662; x_wconf 89' lang='lat' dir='ltr'>Uzentini,</span> <span class='ocrx_word' id='word_1_215' title='bbox 380 2599 409 2650; x_wconf 91' lang='lat' dir='ltr'>et</span> <span class='ocrx_word' id='word_1_216' title='bbox 424 2589 609 2650; x_wconf 85' lang='lat' dir='ltr'>Graecorum</span> <span class='ocrx_word' id='word_1_217' title='bbox 633 2586 731 2647; x_wconf 90' lang='lat' dir='ltr'>omnis</span> <span class='ocrx_word' id='word_1_218' title='bbox 752 2585 846 2645; x_wconf 89' lang='lat' dir='ltr'>ferme</span> <span class='ocrx_word' id='word_1_219' title='bbox 867 2606 929 2658; x_wconf 92' lang='lat' dir='ltr'>ora,</span> <span class='ocrx_word' id='word_1_220' title='bbox 944 2585 1115 2659; x_wconf 82' lang='lat' dir='ltr'>Tarentini,</span> 
     </span>
     <span class='ocr_line' id='line_1_30' title="bbox 210 2665 1117 2745; baseline -0.004 -15"><span class='ocrx_word' id='word_1_221' title='bbox 210 2669 295 2730; x_wconf 90' lang='lat' dir='ltr'>Meta</span> <span class='ocrx_word' id='word_1_222' title='bbox 318 2671 424 2744; x_wconf 90' lang='lat' dir='ltr'>ontini,</span> <span class='ocrx_word' id='word_1_223' title='bbox 440 2671 648 2731; x_wconf 84' lang='lat' dir='ltr'>Crotonienses</span> <span class='ocrx_word' id='word_1_224' title='bbox 671 2666 831 2745; x_wconf 88' lang='lat' dir='ltr'>Locrique,</span> <span class='ocrx_word' id='word_1_225' title='bbox 846 2677 876 2727; x_wconf 93' lang='lat' dir='ltr'>et</span> <span class='ocrx_word' id='word_1_226' title='bbox 891 2665 1040 2744; x_wconf 83' lang='lat' dir='ltr'>Cisalpini</span> <span class='ocrx_word' id='word_1_227' title='bbox 1056 2689 1117 2726; x_wconf 90' lang='lat' dir='ltr'>om·</span> 
     </span>
     <span class='ocr_line' id='line_1_31' title="bbox 157 2691 1116 2825; baseline -0.006 -13"><span class='ocrx_word' id='word_1_228' title='bbox 157 2752 197 2812; x_wconf 91' lang='lat'>30</span> <span class='ocrx_word' id='word_1_229' title='bbox 211 2771 262 2811; x_wconf 92' lang='lat' dir='ltr'>nes</span> <span class='ocrx_word' id='word_1_230' title='bbox 291 2691 384 2812; x_wconf 78' lang='lat' dir='ltr'>Calli.</span> <span class='ocrx_word' id='word_1_231' title='bbox 440 2749 505 2810; x_wconf 90' lang='lat' dir='ltr'>Nec</span> <span class='ocrx_word' id='word_1_232' title='bbox 534 2759 636 2810; x_wconf 89' lang='lat' dir='ltr'>tamen</span> <span class='ocrx_word' id='word_1_233' title='bbox 664 2767 717 2808; x_wconf 90' lang='lat' dir='ltr'>eae</span> <span class='ocrx_word' id='word_1_234' title='bbox 745 2747 846 2808; x_wconf 85' lang='lat' dir='ltr'>clades</span> <span class='ocrx_word' id='word_1_235' title='bbox 874 2745 1116 2825; x_wconf 85' lang='lat' dir='ltr'>defectionesque</span> 
     </span>
     <span class='ocr_line' id='line_1_32' title="bbox 209 2827 1116 2908; baseline -0.006 -17"><span class='ocrx_word' id='word_1_236' title='bbox 209 2832 358 2892; x_wconf 87' lang='lat' dir='ltr'>sociorum</span> <span class='ocrx_word' id='word_1_237' title='bbox 383 2840 552 2904; x_wconf 88' lang='lat' dir='ltr'>moverunt,</span> <span class='ocrx_word' id='word_1_238' title='bbox 577 2839 613 2890; x_wconf 92' lang='lat' dir='ltr'>ut</span> <span class='ocrx_word' id='word_1_239' title='bbox 637 2830 720 2908; x_wconf 90' lang='lat' dir='ltr'>pacis</span> <span class='ocrx_word' id='word_1_240' title='bbox 744 2848 871 2906; x_wconf 89' lang='lat' dir='ltr'>usquam</span> <span class='ocrx_word' id='word_1_241' title='bbox 897 2827 1011 2886; x_wconf 90' lang='lat' dir='ltr'>mentio</span> <span class='ocrx_word' id='word_1_242' title='bbox 1040 2839 1116 2906; x_wconf 91' lang='lat' dir='ltr'>aput</span> 
     </span>
     <span class='ocr_line' id='line_1_33' title="bbox 211 2905 1115 2990; baseline -0.007 -18"><span class='ocrx_word' id='word_1_243' title='bbox 211 2911 364 2972; x_wconf 89' lang='lat' dir='ltr'>Romanos</span> <span class='ocrx_word' id='word_1_244' title='bbox 379 2912 472 2984; x_wconf 88' lang='lat' dir='ltr'>fieret,</span> <span class='ocrx_word' id='word_1_245' title='bbox 487 2931 586 2990; x_wconf 91' lang='lat' dir='ltr'>neque</span> <span class='ocrx_word' id='word_1_246' title='bbox 606 2920 677 2970; x_wconf 87' lang='lat' dir='ltr'>ante</span> <span class='ocrx_word' id='word_1_247' title='bbox 698 2908 830 2969; x_wconf 91' lang='lat' dir='ltr'>consulis</span> <span class='ocrx_word' id='word_1_248' title='bbox 852 2907 982 2968; x_wconf 87' lang='lat' dir='ltr'>Romam</span> <span class='ocrx_word' id='word_1_249' title='bbox 1003 2905 1115 2968; x_wconf 88' lang='lat' dir='ltr'>adven·</span> 
     </span>
     <span class='ocr_line' id='line_1_34' title="bbox 210 2988 1113 3070; baseline -0.007 -18"><span class='ocrx_word' id='word_1_250' title='bbox 210 3001 275 3052; x_wconf 89' lang='lat' dir='ltr'>tum</span> <span class='ocrx_word' id='word_1_251' title='bbox 292 3013 347 3051; x_wconf 91' lang='lat' dir='ltr'>nec</span> <span class='ocrx_word' id='word_1_252' title='bbox 361 3002 520 3070; x_wconf 88' lang='lat' dir='ltr'>postquam</span> <span class='ocrx_word' id='word_1_253' title='bbox 543 2993 568 3052; x_wconf 90' lang='lat' dir='ltr'>is</span> <span class='ocrx_word' id='word_1_254' title='bbox 589 2991 680 3051; x_wconf 90' lang='lat' dir='ltr'>rediit</span> <span class='ocrx_word' id='word_1_255' title='bbox 701 2989 923 3066; x_wconf 89' lang='lat' dir='ltr'>renovavitque</span> <span class='ocrx_word' id='word_1_256' title='bbox 936 2988 1113 3048; x_wconf 89' lang='lat' dir='ltr'>memoriam</span> 
     </span>
     <span class='ocr_line' id='line_1_35' title="bbox 211 3067 1114 3151; baseline -0.004 -21"><span class='ocrx_word' id='word_1_257' title='bbox 211 3081 354 3150; x_wconf 88' lang='lat' dir='ltr'>acceptae</span> <span class='ocrx_word' id='word_1_258' title='bbox 374 3072 488 3143; x_wconf 90' lang='lat' dir='ltr'>cladis;</span> <span class='ocrx_word' id='word_1_259' title='bbox 517 3092 577 3151; x_wconf 93' lang='lat' dir='ltr'>quo</span> <span class='ocrx_word' id='word_1_260' title='bbox 599 3072 631 3130; x_wconf 94' lang='lat' dir='ltr'>in</span> <span class='ocrx_word' id='word_1_261' title='bbox 653 3080 788 3149; x_wconf 90' lang='lat' dir='ltr'>tempore</span> <span class='ocrx_word' id='word_1_262' title='bbox 814 3070 879 3148; x_wconf 91' lang='lat' dir='ltr'>ipso</span> <span class='ocrx_word' id='word_1_263' title='bbox 903 3067 978 3127; x_wconf 88' lang='lat' dir='ltr'>adeo</span> <span class='ocrx_word' id='word_1_264' title='bbox 1003 3089 1114 3146; x_wconf 87' lang='lat' dir='ltr'>magno</span> 
     </span>
     <span class='ocr_line' id='line_1_36' title="bbox 158 3147 1115 3228; baseline -0.004 -16"><span class='ocrx_word' id='word_1_265' title='bbox 158 3153 197 3212; x_wconf 84' lang='lat'>35</span> <span class='ocrx_word' id='word_1_266' title='bbox 211 3153 313 3211; x_wconf 87' lang='lat' dir='ltr'>animo</span> <span class='ocrx_word' id='word_1_267' title='bbox 335 3152 443 3211; x_wconf 91' lang='lat' dir='ltr'>civitas</span> <span class='ocrx_word' id='word_1_268' title='bbox 464 3152 532 3224; x_wconf 87' lang='lat' dir='ltr'>fuit,</span> <span class='ocrx_word' id='word_1_269' title='bbox 554 3161 589 3211; x_wconf 90' lang='lat' dir='ltr'>ut</span> <span class='ocrx_word' id='word_1_270' title='bbox 610 3150 726 3211; x_wconf 92' lang='lat' dir='ltr'>consuli</span> <span class='ocrx_word' id='word_1_271' title='bbox 749 3171 792 3228; x_wconf 31' lang='lat' dir='ltr'>ex,</span> <span class='ocrx_word' id='word_1_272' title='bbox 809 3159 896 3210; x_wconf 88' lang='lat' dir='ltr'>tanta</span> <span class='ocrx_word' id='word_1_273' title='bbox 918 3147 1014 3220; x_wconf 90' lang='lat' dir='ltr'>clade,</span> <span class='ocrx_word' id='word_1_274' title='bbox 1029 3150 1115 3227; x_wconf 87' lang='lat' dir='ltr'>cujus</span> 
     </span>
     <span class='ocr_line' id='line_1_37' title="bbox 211 3228 1115 3306; baseline -0.001 -19"><span class='ocrx_word' id='word_1_275' title='bbox 211 3231 275 3306; x_wconf 90' lang='lat' dir='ltr'>ipse</span> <span class='ocrx_word' id='word_1_276' title='bbox 295 3250 387 3289; x_wconf 88' lang='lat' dir='ltr'>causa</span> <span class='ocrx_word' id='word_1_277' title='bbox 409 3231 544 3290; x_wconf 83' lang='lat' dir='ltr'>maxima</span> <span class='ocrx_word' id='word_1_278' title='bbox 564 3231 678 3302; x_wconf 82' lang='lat' dir='ltr'>fuisset,</span> <span class='ocrx_word' id='word_1_279' title='bbox 695 3231 834 3289; x_wconf 89' lang='lat' dir='ltr'>redeunti</span> <span class='ocrx_word' id='word_1_280' title='bbox 850 3239 880 3290; x_wconf 87' lang='lat' dir='ltr'>et</span> <span class='ocrx_word' id='word_1_281' title='bbox 894 3228 1017 3289; x_wconf 90' lang='lat' dir='ltr'>obviam</span> <span class='ocrx_word' id='word_1_282' title='bbox 1037 3229 1115 3287; x_wconf 89' lang='lat' dir='ltr'>itum</span> 
     </span>
     <span class='ocr_line' id='line_1_38' title="bbox 211 3309 1115 3388; baseline 0.003 -24"><span class='ocrx_word' id='word_1_283' title='bbox 211 3310 385 3384; x_wconf 83' lang='lat' dir='ltr'>frequenter</span> <span class='ocrx_word' id='word_1_284' title='bbox 398 3309 437 3367; x_wconf 91' lang='lat' dir='ltr'>ab</span> <span class='ocrx_word' id='word_1_285' title='bbox 452 3311 591 3370; x_wconf 87' lang='lat' dir='ltr'>omnibus</span> <span class='ocrx_word' id='word_1_286' title='bbox 609 3311 768 3369; x_wconf 87' lang='lat' dir='ltr'>ordinibus</span> <span class='ocrx_word' id='word_1_287' title='bbox 782 3311 822 3370; x_wconf 90' lang='lat' dir='ltr'>sit</span> <span class='ocrx_word' id='word_1_288' title='bbox 836 3319 866 3369; x_wconf 91' lang='lat' dir='ltr'>et</span> <span class='ocrx_word' id='word_1_289' title='bbox 880 3309 997 3388; x_wconf 83' lang='lat' dir='ltr'>gratiae</span> <span class='ocrx_word' id='word_1_290' title='bbox 1019 3319 1115 3388; x_wconf 77' lang='lat' dir='ltr'>actae,</span> 
     </span>
     <span class='ocr_line' id='line_1_39' title="bbox 216 3386 1115 3468; baseline 0.006 -25"><span class='ocrx_word' id='word_1_291' title='bbox 216 3386 291 3462; x_wconf 71' lang='lat' dir='ltr'>quod</span> <span class='ocrx_word' id='word_1_292' title='bbox 313 3387 403 3446; x_wconf 88' lang='lat' dir='ltr'>dere</span> <span class='ocrx_word' id='word_1_293' title='bbox 425 3388 549 3464; x_wconf 90' lang='lat' dir='ltr'>publica</span> <span class='ocrx_word' id='word_1_294' title='bbox 570 3408 630 3447; x_wconf 90' lang='lat' dir='ltr'>nou</span> <span class='ocrx_word' id='word_1_295' title='bbox 652 3388 865 3466; x_wconf 88' lang='lat' dir='ltr'>desperasset;·</span> <span class='ocrx_word' id='word_1_296' title='bbox 877 3389 929 3468; x_wconf 93' lang='lat' dir='ltr'>qui</span> <span class='ocrx_word' id='word_1_297' title='bbox 946 3391 972 3448; x_wconf 91' lang='lat' dir='ltr'>si</span> <span class='ocrx_word' id='word_1_298' title='bbox 987 3389 1115 3449; x_wconf 76' lang='lat' dir='ltr'>Cartha·</span> 
     </span>
    </p>
   </div>
   <div class='ocr_carea' id='block_1_3' title="bbox 157 3464 1116 3602">
    <p class='ocr_par' dir='ltr' id='par_1_9' title="bbox 157 3464 1116 3602">
     <span class='ocr_line' id='line_1_40' title="bbox 157 3464 1116 3602; baseline 0.013 -83"><span class='ocrx_word' id='word_1_299' title='bbox 157 3542 197 3602; x_wconf 66' lang='lat'>40</span> <span class='ocrx_word' id='word_1_300' title='bbox 210 3464 392 3600; x_wconf 58' lang='lat' dir='ltr'>piniprrsium</span> <span class='ocrx_word' id='word_1_301' title='bbox 407 3465 515 3526; x_wconf 89' lang='lat' dir='ltr'>ductor</span> <span class='ocrx_word' id='word_1_302' title='bbox 529 3467 643 3540; x_wconf 87' lang='lat' dir='ltr'>fuisset,</span> <span class='ocrx_word' id='word_1_303' title='bbox 658 3467 736 3527; x_wconf 90' lang='lat' dir='ltr'>nihil</span> <span class='ocrx_word' id='word_1_304' title='bbox 752 3471 954 3529; x_wconf 84' lang='lat' dir='ltr'>recusandum</span> <span class='ocrx_word' id='word_1_305' title='bbox 969 3469 1116 3548; x_wconf 89' lang='lat' dir='ltr'>supplicii</span> 
     </span>
     <span class='ocr_line' id='line_1_41' title="bbox 224 3561 297 3600; baseline 0 0"><span class='ocrx_word' id='word_1_306' title='bbox 224 3561 274 3600; x_wconf 87' lang='lat' dir='ltr'>ore</span> <span class='ocrx_word' id='word_1_307' title='bbox 290 3587 297 3600; x_wconf 93' lang='lat'><strong>.</strong></span> 
     </span>
    </p>
   </div>
   <div class='ocr_carea' id='block_1_4' title="bbox 0 0 1286 3788">
    <p class='ocr_par' dir='ltr' id='par_1_10' title="bbox 0 0 1286 3788">
     <span class='ocr_line' id='line_1_42' title="bbox 0 0 1286 3788; baseline 0 1"><span class='ocrx_word' id='word_1_308' title='bbox 0 0 1286 3788; x_wconf 95' lang='lat' dir='ltr'> </span> 
     </span>
    </p>
   </div>
  </div>
 </body>
</html>
