2568 3782
412 221 544 268 amna
573 221 665 287 xxr,
693 204 824 270 44-45.
1051 207 1118 272 123

158 376 312 456 fugientes
332 377 498 455 accipient;
520 377 606 439 vohis
628 398 745 438 necessa
769 388 814 438 est
838 377 966 440 fortibus
990 379 1064 440 viris

159 477 231 529 esse,
257 468 297 530 et,
323 458 463 518 omnihus
491 459 571 519 inter
598 458 759 520 victoriam
788 469 953 519 mortemve
981 469 1064 520 certa

160 536 371 615 desperatione
399 538 546 615 abruptis,
571 549 626 599 aut
650 539 781 610 vincere,
803 548 864 608 aut,
891 539 915 597 si
941 539 1064 599 fortuna

160 617 327 690 dubitabit,
351 619 384 678 in
409 619 524 697 proelio
548 620 649 698 potius
673 638 765 698 quam
786 619 818 676 in
840 619 914 696 fuga
936 628 1062 679 mortem

150 707 312 776 oppetere.
354 699 387 759 si
405 699 462 759 hoc
480 699 556 760 bene
573 699 668 759 fixum
686 697 825 758 omnibus
846 697 1061 776 [destinatum]
1097 700 1117 760 5

161 776 194 836 in
218 778 322 840 animo
346 788 399 850 est,
424 779 536 838 iterum
560 778 592 838 di
611 800 671 852 am,
696 779 828 854 vicistisj
850 777 969 838 nullum
996 800 1063 839 con·

160 865 278 935 temptu
305 857 404 916 nwttia
431 857 517 916 telam
543 800 788 932 dvinceudum
814 854 931 916 homini
959 857 1067 918 abdis

161 935 374 996 inmortalibus
389 936 487 996 acrius
502 937 608 997 datum
623 937 694 998 est.''

138 1025 193 1106 χ
201 1013 306 1076 XLV.
349 1015 409 1075 His
424 1015 687 1076 adhortationibus
698 1034 769 1075 cum
780 1016 933 1096 utrimque
947 1016 986 1078 ad
1002 1039 1062 1078 cer·

162 1103 265 1154 tamen
285 1096 404 1156 accensi
424 1095 557 1156 rnilitum
579 1096 674 1154 animi
696 1106 802 1168 essent,
818 1096 950 1156 Romani
972 1109 1063 1176 ponte
1078 1099 1116 1161 10

74 1232 79 1240 ,
162 1173 303 1235 Ticinum
321 1177 466 1255 jungunt,
482 1175 662 1254 tutandique
676 1177 776 1256 pontis
798 1197 889 1236 causa
903 1178 1062 1238 castellum

162 1253 285 1333 insuper
301 1255 469 1335 inponunt;
492 1255 621 1327 Poenus
637 1255 772 1316 hostibus
793 1277 882 1335 opere
899 1259 1061 1338 occupatis,

162 1333 376 1396 Maharbalem
397 1356 467 1397 cum
488 1335 539 1396 ala
559 1335 775 1409 Numidarum,
796 1337 948 1416 equitibus
977 1339 1061 1417 quin-

160 1415 268 1494 gentis,
290 1416 330 1476 ad
360 1416 589 1496 depopulandos
616 1417 765 1477 sociorum
794 1417 900 1496 populi
930 1417 1062 1479 Romani

160 1515 248 1574 agros
263 1497 376 1568 mittin
398 1495 497 1557 Gallis
513 1497 597 1575 parci
612 1517 703 1576 quam
719 1499 851 1558 maxime
868 1498 965 1577 jubet,
981 1499 1061 1578 prin·
1078 1501 1116 1562 15

73 1619 76 1623 -
160 1577 323 1656 cipumque
342 1577 458 1637 animos
477 1577 516 1636 ad
536 1577 735 1638 defectionem
754 1577 923 1638 sollicitari.
966 1578 1063 1640 Ponte

159 1658 293 1736 perfecto
309 1657 468 1718 traductus
483 1657 639 1718 Romanus
657 1658 808 1718 exercitus
830 1659 861 1716 in
883 1679 989 1736 agrum
1012 1659 1062 1719 ln·

159 1735 296 1877 suprium
325 1737 461 1817 quinque
489 1738 575 1798 milia
603 1739 724 1818 passim
749 1738 789 1798 ab
811 1738 973 1800 Ictumulis
994 1760 1063 1800 con-

158 1837 189 1878 se
212 1819 244 1878 it.

198 1899 249 1959 Ibi
274 1899 436 1961 Hannibal
461 1908 561 1960 castra
585 1897 737 1971 habehat;
766 1908 967 1978 revocatoque
995 1920 1062 1980 pro·
1076 1904 1115 1964 20

158 1999 229 2059 pere
252 1980 435 2040 Maharbale
463 1991 556 2059 atque
580 1979 742 2058 equitibus,
767 2000 836 2040 cum
862 1981 976 2040 instare
1001 2001 1061 2040 cer-

74 2071 78 2077 '
158 2069 260 2120 tamen
272 2071 416 2134 cerneret,
427 2061 505 2121 nihil
518 2081 662 2141 umquam
678 2060 750 2120 satis
766 2060 881 2119 dictum
893 2062 1062 2139 praemoni-

158 2149 285 2220 tumque
313 2141 352 2200 ad
381 2141 582 2202 cohortandos
611 2141 721 2200 milites
749 2151 843 2211 ratus,
871 2141 986 2201 vocatis
1020 2141 1060 2201 ad

158 2223 329 2281 contionem
345 2232 427 2282 certa
442 2222 577 2302 praemia
591 2221 778 2300 pronuntiat,
789 2221 820 2279 in
836 2240 961 2298 quorum
977 2241 1061 2299 spem

157 2313 347 2380 pugnarent:
361 2307 483 2380 ‘agrum
494 2322 556 2362 sose
565 2303 709 2362 daturum
719 2321 779 2362 csse
789 2303 820 2360 in
831 2300 933 2374 ltalia,
942 2301 1059 2375 Africa,
1075 2305 1114 2366 25

158 2381 322 2460 Hispania,
344 2382 398 2442 uhi
418 2382 545 2460 quisque
566 2382 650 2453 velit,
672 2382 827 2441 inmunem
852 2381 909 2460 ipsi
937 2383 988 2460 qui
1013 2403 1060 2442 ac·

158 2464 286 2542 cepisset
301 2462 479 2541 liberisque;
495 2463 547 2540 qui
561 2463 722 2540 pecuniam
735 2482 826 2540 quam
841 2481 949 2540 agrum
965 2463 1059 2522 malu-

159 2542 237 2616 isset,
252 2544 280 2602 ei
294 2564 325 2604 se
340 2553 465 2621 argento
479 2543 723 2614 satislacturum3
746 2542 798 2620 qui
816 2544 963 2602 sociorum
980 2542 1060 2603 cives

158 2621 423 2703 Carthaginienses
448 2623 513 2683 fieri
534 2623 660 2695 vellent,
680 2632 859 2700 potestatem
887 2623 1059 2696 facturum;

158 2703 210 2781 qui
235 2704 340 2764 domos
364 2704 462 2763 redire
487 2703 624 2776 mallent,
649 2702 793 2762 daturum
818 2723 849 2762 se
873 2723 995 2782 operam
1021 2723 1059 2762 nc
1074 2704 1112 2766 30

158 2785 244 2862 cu'jus
259 2804 380 2843 suorum
397 2783 593 2862 popularium
610 2793 759 2842 mutatam
780 2804 881 2843 secum
904 2785 1057 2842 fortunam

158 2883 220 2923 esse
231 2865 364 2924 vellent!
407 2863 508 2924 Servis
520 2884 637 2941 quoque
647 2863 784 2922 dominos
793 2864 957 2942 prosecutis
970 2864 1057 2923 liher-

157 2951 251 3002 tatem
267 2945 417 3022 proponit,
433 2944 565 3021 binaque
579 2965 634 3022 pro
649 2944 696 3002 his
711 2945 863 3022 mancipia
878 2943 1007 3003 dominis
1026 2965 1057 3004 se

157 3022 356 3082 redditurum.
399 3023 505 3102 anue
516 3033 551 3082 ut
565 3041 632 3082 rata
643 3023 754 3082 scirent
765 3025 837 3094 lbra,
846 3044 958 3102 agnum
971 3025 1057 3084 laeva

156 3122 259 3175 manu,
282 3103 409 3164 dextera
433 3105 546 3163 silicem
573 3103 714 3176 retinens,
740 3103 766 3162 si
790 3104 921 3176 talleret,
946 3103 1055 3165 Jovem
1071 3106 1109 3167 35

156 3193 328 3262 ceterosque
348 3193 486 3262 precatus
508 3183 587 3255 deos,
603 3184 646 3244 ita
667 3204 697 3242 se
719 3193 896 3256 mactarent,
912 3205 1000 3262 quem
1016 3185 1055 3245 ad

156 3263 278 3325 modurn
292 3265 353 3341 ipse
368 3283 479 3341 agnum
493 3273 661 3333 mactasset,
671 3264 836 3322 secundum
853 3266 1054 3341 precationem

155 3353 248 3420 caput
269 3343 392 3422 pecudis
413 3365 487 3404 saxo
509 3344 595 3402 elisit.
637 3343 716 3400 Tum
737 3363 809 3402 vero
833 3364 944 3414 omnes
970 3344 1055 3404 velut

157 3421 213 3482 diis
237 3423 412 3483 auctoribus
437 3424 468 3482 in
493 3443 576 3500 spem
597 3441 684 3482 suant
709 3422 835 3500 quisque
859 3423 999 3498 acceptia,
1022 3424 1053 3482 id
