2568 3782
156 237 222 303 170
325 253 536 302 rrr1n1v1
565 252 620 299 sa
648 253 765 301 vasa
794 252 988 300 commas

206 410 340 491 captivis
355 431 440 471 arma
454 409 606 488 adempta.
648 409 795 482 Tandem,
808 418 843 470 ut
857 409 1036 474 abscesserit
1049 409 1126 470 inde

210 492 352 563 dictator,
363 500 399 552 ut
412 491 569 552 obsidione
584 490 738 562 liberatos,
750 499 839 550 extra
853 490 973 549 vallum
988 510 1125 569 egressos

211 571 325 632 fudisse
345 591 382 631 ac
401 571 522 650 fugasse
542 570 645 630 hostis.
689 570 775 646 Quas
796 569 835 630 ob
857 590 913 642 res,
927 571 952 629 si
975 571 1125 649 antiquus

210 652 331 712 animus
351 650 451 730 plebei
473 650 631 711 Romanae
651 660 736 722 esset,
751 650 912 710 audaciter
930 670 963 710 se
983 650 1125 710 laturum

178 732 303 794 bfuisse
316 731 355 791 de
368 731 544 810 abrogando
560 731 599 807 Q.
614 729 694 790 Fabi
708 730 854 808 imperio;
869 751 952 790 nunc
967 731 1124 790 modicam

212 812 401 892 rogationem
429 810 695 891 promulgaturum
724 810 763 870 de
790 810 951 888 aequando
979 811 1124 889 magistri

211 892 348 970 equitum
363 901 395 951 et
407 891 565 952 dictatoris
575 891 665 970 jure..
696 889 761 950 Nec
772 899 875 950 tamen
887 910 926 949 ne
941 891 986 950 ita
996 891 1124 969 quidem

211 973 296 1052 prius
321 971 504 1032 mittendum
532 971 572 1031 ad
599 970 768 1035 exercitum
795 970 834 1046 Q.
860 969 1005 1044 Fabium,
1027 991 1125 1050 quam

211 1052 365 1114 consulem
387 1052 420 1111 in
439 1051 542 1112 locum
563 1050 597 1111 C.
611 1049 756 1110 ¹Flamini
775 1050 958 1111 suffecisset!

160 1132 199 1194 10
253 1132 394 1192 Dictator
405 1131 597 1192 contionibus
611 1151 642 1192 se
656 1131 806 1192 abstinuit
816 1131 850 1190 in
864 1130 984 1190 actione
994 1131 1126 1192 minime
1145 1174 1149 1179 -

204 1213 363 1292 populari.
405 1211 454 1272 Ne
468 1212 499 1272 in
514 1221 622 1272 senatu
637 1211 760 1290 quidem
779 1211 853 1271 satis
873 1211 978 1289 aequis
992 1212 1125 1273 auribus

205 1293 404 1365 audiebatur,
426 1312 496 1352 cum
517 1293 634 1353 hostem
649 1290 750 1352 verbis
771 1290 934 1351 extolleret
956 1291 1126 1371 biennique

213 1373 314 1434 clades
327 1393 381 1452 per
396 1373 598 1435 temeritatem
612 1381 705 1450 atque
719 1371 913 1432 inscientiam
935 1371 1051 1432 ducum
1073 1393 1125 1433 ac·

212 1465 315 1532 ceptae
334 1452 468 1524 referret,
485 1453 545 1530 [et]
561 1455 725 1532 ‘magistro
745 1453 893 1531 equitum,
908 1452 991 1530 quod
1013 1463 1126 1513 contra

160 1535 198 1596 15
212 1534 330 1594 dictum
350 1554 439 1594 suum
460 1541 633 1612 pugnasset,
655 1532 822 1593 rationem'
842 1531 960 1592 diceret
975 1533 1124 1594 ‘redden-

213 1614 283 1674 dam
298 1635 368 1675 esse.
410 1613 443 1674 si
457 1634 548 1692 penes
561 1633 593 1673 se
605 1633 726 1672 summa
740 1612 861 1691 imperii
876 1611 1057 1691 consiliique
1070 1615 1123 1687 sit,

212 1714 306 1773 prope
321 1695 401 1754 diem
416 1695 603 1767 effecturum,
618 1703 654 1753 ut
674 1694 777 1760 sciant¹
794 1693 940 1764 homines,
963 1692 1044 1753 bono
1066 1695 1124 1753 im·

211 1783 350 1853 peratore
364 1775 441 1836 haut
454 1774 558 1854 magui
572 1773 726 1834 fortunam
742 1773 889 1834 momenti
904 1793 975 1846 esse,
987 1783 1124 1846 mentem

210 1855 420 1933 rationemque
441 1854 602 1926 dominari,
622 1863 653 1914 et
677 1854 710 1914 in
734 1863 870 1932 tempore
893 1863 923 1915 et
947 1854 1013 1914 sine
1038 1854 1124 1934 igno

160 1937 199 1998 20
213 1935 310 1996 minia
323 1955 456 1998 servasse
469 1935 649 2007 exereitum,
664 1955 756 2013 quam
772 1934 870 1994 multa
884 1933 972 1994 milia
985 1934 1123 1996 hostium

212 2016 366 2090 occidisse,
378 2017 521 2095 majorem
534 2015 665 2094 gloriam
679 2016 759 2076 esse’
801 2013 906 2094 Hujus
920 2016 1041 2093 generis
1055 2036 1124 2076 ora·

213 2097 347 2158 tionibus
367 2097 481 2158 frustra
502 2095 625 2167 habitio,
640 2105 672 2156 et
686 2093 809 2155 consule
829 2103 930 2164 creato
952 2094 996 2156 M.
1018 2095 1123 2158 Atilio

214 2177 342 2257 Regulo,
357 2198 394 2238 ne
409 2197 550 2258 praesens
564 2176 682 2255 dejure
696 2175 817 2255 imperii
834 2175 1005 2249 dimicaret,
1020 2177 1124 2255 pridie

213 2279 306 2338 quam
320 2258 486 2338 rogationis
500 2256 642 2317 ferendae
657 2257 720 2326 dies
735 2256 861 2329 adesset,
876 2265 966 2316 nocte
980 2257 1022 2317 ad
1036 2277 1123 2328 exer·

155 2341 199 2402 '25
214 2341 309 2401 eitum
324 2339 410 2400 abiit.
451 2338 536 2400 Luce
556 2347 624 2398 orta
644 2357 714 2398 eum
735 2336 834 2416 plebis
852 2337 1019 2400 concilium
1033 2348 1121 2412 esset,

213 2423 309 2502 magis
337 2421 432 2482 tacita
460 2419 579 2481 invidia
606 2418 764 2480 dictatoris
798 2418 947 2497 favorque
978 2420 1123 2498 magistri

212 2505 349 2584 equitum
374 2501 491 2562 animos
511 2499 661 2572 versabat,
684 2518 776 2577 quam
790 2499 872 2560 satis
893 2498 1052 2563 audebant
1068 2501 1122 2562 ho

213 2586 309 2666 mines
333 2583 372 2644 ad
397 2581 587 2643 suadendum
608 2581 690 2659 quod
710 2579 968 2658 vulgoplacebat
986 2581 1121 2660 prodire,

208 2675 252 2740 et,
281 2667 385 2728 lavore
419 2671 590 2742 superante,
626 2661 793 2722 auctoritas
827 2669 931 2720 tamen
966 2663 1123 2741 rogationi

161 2747 200 2810 30
213 2747 325 2809 deerat.
367 2744 456 2807 Unus
473 2743 615 2804 inventus
634 2749 679 2802 est
699 2761 804 2801 suasor
818 2740 894 2820 legis
909 2741 948 2802 C:
958 2741 1123 2804 Terentius

212 2829 323 2901 Varro,
351 2826 405 2906 qui
433 2825 533 2904 priore
560 2843 641 2890 anno
670 2831 792 2900 praetor
820 2821 930 2896 fuerat,
959 2821 1031 2883 loco.
1058 2844 1122 2885 non

212 2909 324 2970 humili
350 2908 458 2979 solum,
487 2904 538 2964 sed
567 2904 658 2971 etiam
686 2901 817 2974 sordido,
846 2911 940 2970 ortus.
992 2902 1122 2968 Patrem

212 2991 328 3052 lanium
350 2987 441 3048 fuisse
460 2985 571 3056 ferunt,
590 2984 690 3062 ipsum
711 2982 882 3042 institorem
903 2983 1021 3056 mercis,
1043 2984 1120 3048 filio-

212 3093 271 3150 que
286 3072 343 3131 hoc
357 3069 422 3148 ipso
437 3068 468 3125 in
482 3065 606 3126 servilia
620 3065 687 3142 ejus
697 3063 772 3126 artis
786 3062 955 3124 ministeria
969 3084 1071 3130 usum,

159 3151 198 3210 35
246 3150 379 3210 rXXVl.
422 3147 453 3208 Is
462 3145 593 3224 juvenis,
605 3154 640 3202 ut
649 3143 782 3221 primum
798 3163 837 3204 ex
852 3163 886 3206 eo
900 3164 1011 3222 genere
1026 3165 1118 3223 quaa-

210 3243 275 3288 stus
298 3227 460 3306 pecuniae
474 3235 561 3302 patre
583 3223 689 3286 relicta
708 3223 885 3294 animosad
907 3243 991 3302 spem
1007 3224 1118 3293 libera·

210 3307 297 3368 lieris
310 3307 450 3366 fortunae
463 3303 544 3372 fecit,
560 3312 692 3380 togaque
711 3312 741 3370 et
762 3303 860 3368 forum
881 3303 1035 3381 placuere,
1050 3325 1117 3384 pro

211 3385 372 3445 clamando
387 3403 442 3460 pro
456 3380 585 3446 sordidis
606 3380 780 3442 hominibus
793 3383 953 3460 causisque
967 3384 1116 3449 adversus

209 3481 273 3524 rem
288 3473 318 3524 et
331 3462 444 3521 famam
458 3459 756 3538 bonorumprimum
778 3460 809 3520 in
831 3462 977 3532 notitiam
996 3465 1115 3543 populi,
