2520 3784
168 217 211 281 26
335 235 427 280 ιιιι
455 233 552 281 mvi
579 235 633 279 ιι
659 235 774 281 vans
803 235 994 282 οοιιιιιι

220 389 320 450 Indici
335 391 444 451 deinde
459 391 535 451 finit'
515 391 595 451 nmis
610 400 692 470 spect
680 391 815 452 taculum
833 392 930 470 jubet,
945 401 1122 473 quantoque

220 481 371 550 apparatu
393 482 459 531 tum
480 471 616 532 sciebant
637 483 692 542 aut
708 493 745 550 po
747 483 847 532 terant
868 473 1070 545 concelebrat,
1086 481 1124 534 ut

220 571 283 612 rem
299 551 413 610 claram
439 561 594 630 exspectat
596 572 706 630 amque
728 552 850 614 faceret.
892 553 987 614 Multi
1009 563 1123 614 morta·

220 630 263 691 les
287 652 462 704 convenere,
483 631 584 692 studio
608 632 701 691 etiam
724 632 875 693 videndae
901 653 1000 694 novae
1027 634 1122 708 urbis,

187 712 353 772 bmaxime
379 712 512 790 proximi
540 712 661 791 quique,
686 711 895 786 Caeninenses,
921 713 1012 774 Crust
1000 714 1122 788 tumini,

219 791 438 864 Antemnates;
459 793 551 853 etiam
566 793 855 854 Sabinorumomnis
869 759 1036 855 niultitudo
1051 815 1123 855 cum

219 871 324 932 liberis
338 893 374 933 ac
388 839 566 966 eorijpgibns
580 875 673 935 venit.
654 873 845 934 tInvitati
862 873 1054 954 hospitaliter
1067 896 1123 968 per

220 953 323 1014 domos
348 974 417 1013 cum
442 954 534 1014 situm
560 975 738 1034 moeniaque
760 964 790 1014 e
814 954 1004 1034 frequentem
1032 957 1123 1016 tectis

219 1033 327 1093 urbem
340 1034 495 1106 vidissent,
475 1035 624 1095 tmirant
627 1056 671 1108 ur,
686 1046 750 1095 tarn
766 1035 851 1096 brevi
865 1055 930 1096 rem
948 1036 1122 1096 Romanam

167 1111 207 1174 10
220 1133 357 1176 crevisse
399 1113 463 1177 Ubi
488 1126 571 1194 spect
559 1116 653 1176 taculi
679 1125 797 1195 tempus
822 1117 916 1190 venit,
940 1117 1123 1195 deditaeque

220 1215 255 1255 eo
275 1206 392 1256 mentes
412 1217 481 1256 curn
502 1196 597 1256 oculis
617 1207 704 1256 erant
706 1243 713 1269 ,
692 1206 794 1256 ttum
811 1217 851 1257 ex
870 1197 1035 1276 composito
1053 1208 1124 1257 orta

220 1276 274 1350 vis,
299 1277 443 1355 signoque
468 1277 540 1337 dato
567 1277 671 1338 ‘uvent
660 1290 706 1337 tus
729 1277 871 1338 Romana
897 1278 938 1338 ad
962 1277 1123 1357 rapiendas

220 1356 352 1435 virgines
367 1357 517 1417 discurrit.
596 1378 676 1437 agna
689 1379 760 1437 pars
779 1358 865 1431 forte,
881 1358 913 1417 in
928 1378 1017 1437 quem
1033 1378 1123 1436 quae-

222 1457 280 1515 que
306 1437 463 1510 inciderat,
488 1447 610 1516 raptae;
639 1439 786 1517 quasdam
814 1406 912 1498 surina
939 1437 1090 1498 excellent
1078 1447 1124 1497 tes

169 1515 207 1576 15
222 1517 403 1596 primoribus
418 1529 540 1596 patrum
557 1519 723 1578 destinatas
737 1540 775 1578 ex
790 1519 879 1597 plebe
897 1518 1043 1590 homines,
1058 1518 1124 1597 qui-

221 1597 277 1657 bus
292 1597 397 1658 datum
411 1597 567 1677 negotium
582 1608 656 1672 erat,
670 1599 775 1660 domos
789 1600 839 1659 det
827 1599 974 1659 terebant.
1017 1597 1124 1661 Unam

220 1677 310 1756 longe
330 1687 401 1738 ante
421 1679 498 1740 alias
517 1679 617 1758 specie
638 1699 674 1740 ac
695 1680 831 1759 pulchrit
819 1680 947 1740 tudine'
939 1679 1090 1758 insignem
1104 1699 1125 1738 a

220 1758 311 1838 globo
334 1757 463 1820 Talassii
486 1759 646 1853 cujusdam
674 1772 794 1838 raptam
822 1760 933 1833 ferunt,
912 1760 1125 1840 tmultisque

220 1840 452 1911 sciscitantibus,
482 1841 606 1900 cuinam
633 1862 699 1901 eam
728 1841 851 1914 ferrent,
879 1839 1056 1914 identidem,
1083 1860 1124 1900 ne

167 1919 214 1979 20
221 1921 288 1999 quis
303 1921 431 1980 violaret
433 1919 592 1994 ,Talassio
606 1920 679 1981 ferri
693 1921 799 1982 clamit
787 1930 903 1994 t3atum
919 1921 990 1982 inde
1004 1921 1124 1999 nuptia·

220 2001 280 2060 lem
292 2001 371 2060 hanc
379 2021 483 2061 vocem
493 2000 615 2061 factam.
658 2000 794 2062 Turbato
805 2021 861 2081 per
871 1987 985 2061 metum
996 2001 1125 2074 ludicro,

220 2092 315 2141 maest
317 2080 327 2140 i
342 2091 482 2174 parentes
497 2081 652 2161 virginum
671 2082 861 2162 profugiunt,
874 2083 1048 2142 incusantes
1063 2083 1126 2142 vio-

221 2162 281 2222 lati
292 2161 413 2240 hospit’
393 2181 416 2220 ιι
380 2162 536 2223 tfoedus
550 2163 723 2240 deumque
715 2173 892 2224 invocantes
894 2164 999 2242 ,cujus
1013 2161 1053 2221 ad
1067 2162 1125 2221 sol·

221 2242 321 2302 lemne
343 2241 491 2384 ludosqute
512 2263 566 2322 per
586 2244 632 2303 fas
653 2264 689 2302 ac
710 2243 803 2304 fidem
823 2243 942 2322 decepti
962 2242 1124 2304 venissent.

168 2321 207 2381 25
222 2323 287 2383 Nec
308 2333 377 2402 rapt
379 2323 403 2384 is
425 2333 479 2384 aut
499 2343 565 2402 spes
586 2323 675 2383 dese
696 2324 805 2384 melior
826 2335 881 2384 ant
895 2323 1044 2402 indignat'
1037 2344 1066 2382 10
1023 2331 1127 2383 test

220 2404 328 2464 minor.

261 2483 342 2543 Sed'
335 2505 398 2564 ipse
414 2482 564 2544 Romulus
584 2484 767 2546 circumibat
787 2485 986 2579 docebatque,
1001 2493 1126 2564 patrum

222 2563 253 2623 id
264 2565 406 2643 superbia
417 2566 480 2624 fact
468 2575 532 2624 tum
535 2585 605 2660 ,qur
596 2565 783 2626 'conubium
794 2565 871 2626 finit'
851 2567 933 2626 timis
947 2575 1126 2645 negassent;

222 2644 293 2704 illas
313 2654 416 2706 tamen
438 2645 471 2705 in
491 2647 696 2720 matrimonio,
715 2648 747 2706 in
768 2647 911 2706 societate
882 2646 992 2706 tfort
980 2656 1126 2706 tunarum

169 2722 358 2785 300mn1um
386 2726 588 2805 civitatisque,
612 2737 652 2800 ιι,
677 2747 737 2806 quo
765 2727 844 2786 nibil
869 2728 968 2786 carius
991 2726 1127 2788 humano

222 2827 324 2886 generi
338 2817 386 2880 ιι
366 2807 533 2867 liberum
548 2808 628 2880 fore
650 2807 806 2867 mollirent
820 2807 931 2866 modo
924 2816 1037 2879 trase
1039 2809 1126 2886 ,qui-

224 2887 280 2946 bus
301 2887 361 2947 fors
382 2909 510 2968 corpora
530 2886 669 2961 dedisset,
691 2888 801 2947 darent
821 2889 955 2960 animos;
976 2909 1065 2966 saepe
1086 2909 1125 2947 ex

223 2967 336 3046 injuria
350 2969 541 3062 postmodum
556 2968 688 3062 gratiam
703 2978 820 3042 ortam;
841 2989 935 3062 eoque
948 2934 1126 3028 inelioribus

223 3066 340 3106 usuras
351 3051 433 3122 viris,
454 3049 535 3128 quod
557 3045 718 3109 adnisurus
741 3069 796 3128 pro
821 3069 852 3108 se
874 3050 1000 3142 quisque
1018 3049 1067 3119 sit,
1046 3058 1126 3122 t,ut

170 3125 209 3186 35
225 3147 293 3186 cum
309 3147 395 3188 suam
409 3130 508 3190 vicem
523 3130 646 3190 functus
661 3129 812 3189 officio't
772 3140 812 3189 sit
814 3132 1010 3209 ,parentium
1032 3129 1126 3188 etiam

224 3209 402 3288 patriaeque
415 3210 539 3288 expleat
553 3209 745 3269 desiderium.
788 3177 987 3270 Accedebant
1008 3208 1126 3267 blandi-

224 3289 286 3349 tiae
309 3290 455 3361 virorum,
478 3290 593 3348 factum
620 3289 817 3368 purgantium
843 3289 1010 3368 cupiditate
1035 3299 1128 3368 atque

225 3389 336 3443 amore,
350 3387 428 3450 quae
450 3370 583 3429 maxima
597 3370 637 3429 ad
651 3369 822 3429 muliebre
814 3371 970 3492 ingenium
992 3368 1127 3430 efficaces

224 3461 693 3530 praetereunt·
