2520 3784
144 207 187 272 68
315 222 405 269 rrrr
432 221 528 270 n1v1
554 221 608 268 Aa
636 221 753 270 vans
783 220 973 268 connrrs

198 380 284 460 jussa
304 400 342 439 ex
363 388 449 439 tanto
474 379 619 452 tumultu,
641 399 711 439 eum
738 399 769 439 se
797 378 920 438 domum
949 378 1102 459 reciperet

197 461 440 600 pprvenissetque
471 459 509 518 ad
545 479 696 519 summurn
726 459 874 538 Cyprium
903 459 1016 532 vicum,
1046 460 1102 520 ubi

231 540 346 600 ianium
368 560 464 618 nuper
488 538 556 611 fuit,
579 539 712 599 flectenti
734 549 913 616 carpentum
934 540 1045 600 dextra
1067 541 1101 598 in

197 619 330 682 Urbium
343 619 465 691 clivum,
477 628 510 680 ut
525 621 555 678 in
572 620 678 678 collem
691 619 901 698 Esquiliarum
912 621 1101 694 eveheretur,

164 702 183 762 5
198 701 309 760 'restitit
323 700 452 780 pavidus
467 710 558 778 atque
573 699 707 759 inhibuit
721 700 820 759 frenos
843 701 867 760 is
889 701 941 778 qui
958 703 1101 781 jumenta

197 781 317 860 agebat,
337 781 549 861 jacentemque
574 779 715 839 dominae
742 780 882 842 Servium
910 782 1101 841 trucidatum

198 862 337 922 ostendit.
393 860 530 920 Foedurn
562 861 826 939 inhumanumque
860 861 931 920 inde
965 861 1101 922 traditur

197 941 301 1015 scelus,
323 950 578 1021 monumentoque
599 939 682 1000 locus
703 950 764 1002 est:
787 939 973 1002 Sceleratum
995 943 1101 1004 vicum

198 1031 318 1094 vocant,
334 1042 403 1100 quo,
418 1041 531 1094 amens,
547 1021 735 1100 agitantibus
749 1021 837 1081 liniis
851 1023 961 1082 sororis
978 1043 1014 1082 ac
1029 1023 1100 1097 viri,

145 1104 184 1166 10
198 1102 302 1163 Tullia
316 1123 370 1182 per
384 1103 480 1181 patris
495 1121 604 1181 corpus
619 1111 796 1180 carpentum
808 1101 901 1180 egisse
912 1102 1018 1177 fertur,
1030 1123 1100 1182 par·

197 1193 319 1262 temque
341 1183 496 1263 sanguinis
518 1203 554 1242 ao
578 1181 677 1242 caedis
700 1191 846 1260 paternae
869 1194 994 1244 cruento
1014 1184 1101 1244 vehi-

198 1263 276 1337 culo,
287 1266 494 1324 contaminata
509 1265 575 1342 ipsa
590 1283 791 1342 respersaque,
802 1262 906 1323 tulisse
920 1264 961 1324 ad
974 1274 1101 1343 penates

198 1365 266 1406 suos
284 1345 401 1424 virique
421 1345 477 1416 sui,
499 1344 609 1423 quibus
630 1344 716 1404 iratis
737 1343 819 1404 malo
840 1346 926 1426 regni
947 1346 1100 1434 principio

197 1426 311 1486 similes
325 1446 418 1504 prope
433 1426 513 1484 diem
527 1426 627 1484 exitus
642 1435 845 1504 sequerentur.

145 1510 184 1572 15
239 1506 361 1567 Servius
372 1505 490 1565 Tullius
502 1506 645 1583 regnavit
657 1526 752 1566 annos
767 1517 912 1586 quattuor
926 1519 957 1569 et
971 1508 1101 1588 quadra

198 1589 285 1668 ginta
299 1589 351 1660 ita,
368 1596 401 1646 ut
417 1587 495 1647 bono
510 1587 601 1645 etiam
617 1587 833 1667 moderatoque
846 1589 1020 1650 succedenti
1035 1589 1100 1668 regi

198 1669 328 1730 difficilis
360 1668 524 1729 aemulatio
553 1676 646 1741 esset3
689 1679 822 1730 ceterum
850 1670 883 1731 id
912 1691 1031 1750 quoque
1060 1669 1101 1730 ad

197 1751 326 1830 gloriam
341 1751 474 1824 accessit,
489 1751 570 1830 quod
592 1771 662 1811 eum
683 1751 738 1812 illo
758 1751 848 1812 simul
866 1753 951 1832 justa
972 1772 1008 1811 ac
1028 1751 1102 1831 legi·

197 1833 273 1892 tima
287 1852 381 1912 regna
395 1832 580 1893 occiderunt.
623 1831 663 1892 Id
683 1833 781 1913 ipsum
803 1843 867 1894 tam
889 1835 962 1894 mite
981 1853 1017 1893 ac
1036 1843 1101 1892 tam

145 1901 183 1978 20
198 1913 387 1973 moderatum
402 1914 563 1992 imperium
579 1921 691 1987 tamen,
706 1915 779 1993 quia
801 1915 890 1974 unius
911 1925 995 1987 esset,
1011 1915 1102 1994 depo·

197 2014 268 2053 nere
284 2014 352 2054 eum
368 1995 397 2053 in
414 1995 516 2056 auimo
532 1993 673 2054 habuisse
687 1994 813 2072 quidam
828 2004 966 2056 auctores
980 2006 1059 2069 sunt,
1068 1995 1101 2055 ni

197 2074 294 2134 scelus
308 2075 486 2156 intestinum
501 2074 680 2134 liberandae
695 2075 814 2154 patriae
828 2077 955 2136 consilia
969 2077 1100 2154 agitanti

197 2155 414 2215 intervenisset.

238 2235 362 2296 XLIX.
405 2235 482 2295 Inde
503 2235 539 2295 L.
561 2235 747 2314 Tarquinius
765 2257 893 2316 regnare
908 2237 1034 2317 occepit,
1050 2237 1099 2298 eui

107 2377 108 2380 ,
144 2317 183 2378 25
197 2315 335 2395 Superbo
360 2315 635 2394 cognomenfacta
659 2317 845 2392 indiderunt,
868 2319 941 2398 quia
964 2339 1100 2378 socerum

197 2418 290 2478 gener
313 2397 470 2476 sepultura
496 2395 662 2475 prohibuit,
688 2396 856 2458 Romulum
882 2419 1001 2478 quoque
1025 2399 1099 2458 inse·

197 2478 318 2558 pultum
339 2478 449 2556 perisse
470 2477 624 2549 dictitans,
645 2477 850 2557 primoresque
872 2490 1004 2558 patrum,
1026 2499 1100 2558 quos

198 2559 283 2637 Servi
306 2557 395 2618 rebus
416 2557 525 2619 favisse
541 2557 691 2629 credebat,
708 2557 877 2632 interfecit;
898 2561 1035 2620 conscius
1051 2559 1100 2618 de·

198 2639 269 2698 inde
292 2639 370 2698 male
394 2637 561 2717 quaerendi
584 2638 670 2714 regni
695 2637 734 2698 ab
757 2659 789 2698 se
812 2641 876 2719 ipso
901 2641 1046 2701 adversus
1069 2660 1100 2700 se

144 2721 184 2782 30
198 2719 372 2799 exemplum
387 2719 455 2797 capi
471 2737 564 2797 posse,
581 2718 706 2778 armatis
726 2739 833 2798 corpus
855 2721 1099 2798 circumsaepsit;

197 2801 389 2878 nequeenim
404 2799 443 2858 ad
455 2799 506 2879 jus
520 2799 605 2878 regni
621 2799 785 2877 quiequam
801 2811 919 2880 praeter
930 2801 993 2862 rim
1010 2801 1114 2860 habev

197 2880 259 2952 bat,
283 2890 319 2940 ut
345 2881 398 2959 qui
427 2899 524 2958 neque
547 2879 655 2958 populi
678 2879 764 2958 jussu
793 2901 890 2961 neque
924 2881 1099 2942 auctoribus

196 2960 335 3039 patribus
363 2968 512 3038 regnaret.
568 2959 615 3019 Eo
645 2959 819 3034 accedebat,
848 2973 882 3022 ut
910 2962 942 3021 in
971 2962 1099 3022 caritate

197 3041 311 3101 civium
333 3041 410 3100 nihil
433 3041 497 3118 spei
518 3039 676 3118 reponenti
695 3050 776 3100 metu
793 3062 917 3120 regnum
934 3042 1098 3103 tutandum

143 3121 182 3182 35
197 3130 281 3181 esset.
322 3121 421 3198 Quem
438 3129 472 3180 ut
486 3119 627 3199 pluribus
642 3120 801 3193 incuteret,
818 3123 1003 3200 cognitiones
1018 3122 1098 3200 capi-

191 3200 307 3262 talium
330 3219 430 3260 rernm
455 3200 520 3259 sine
542 3199 676 3260 crinsiliis
700 3219 806 3278 perse
827 3204 908 3262 solus
926 3201 1097 3276 exercebat,

196 3301 309 3360 perque
323 3301 389 3340 eam
404 3300 526 3340 oausam
542 3279 688 3352 occidere,
704 3280 735 3338 in
750 3280 878 3342 exilium
898 3303 995 3361 agere,
1010 3281 1097 3342 bonis

195 3361 327 3420 multare
341 3370 458 3439 poterat
472 3378 533 3420 non
547 3368 705 3436 suspectos
722 3359 812 3420 modo
833 3372 887 3422 aut
908 3363 1029 3436 invisos,
1044 3360 1096 3422 sed

196 3440 276 3502 unde
290 3439 367 3500 nihil
382 3438 470 3500 aliud
485 3457 578 3517 quam
593 3437 739 3517 praedam
754 3456 874 3521 sperare
888 3439 995 3522 posset.
