2568 3782
144 207 205 272 136
309 223 398 268 1111
425 221 521 268 n1v1
549 217 604 266 an
630 218 747 266 vanu
777 217 971 264 eonnrra

191 379 284 453 ducit,
300 399 365 439 earn
387 396 507 456 quoque
526 385 657 457 gentem,
672 375 753 436 sieut
774 374 883 436 Gallos
897 375 1108 454 Liguresque,

193 470 247 520 aut
275 460 307 520 vi
338 468 391 518 aut
419 457 578 519 voluntate
612 457 820 535 adjuncturus.
876 455 1103 515 Transeuntem

194 539 392 619 Apenninum
415 538 490 598 adeo
511 547 602 597 atrox
622 537 731 597 adorta
746 544 910 616 tempestas
924 546 978 608 est,
994 546 1031 596 ut
1045 535 1103 595 Al-

193 621 278 700 pium
303 640 397 698 prope
418 619 593 679 foeditatem
615 617 812 696 superaverit,
854 616 958 678 Vento
983 617 1103 676 mixtus

160 703 179 762 5
193 700 291 761 imber
305 720 373 759 eum
390 699 519 759 ferretur
532 699 564 758 in
579 699 644 776 ipsa
659 719 721 770 ora,
736 698 845 776 primo,
856 698 929 776 quia
943 705 999 756 aut
1013 717 1104 756 arma

194 780 361 841 omittenda
383 789 470 840 erant
491 788 545 839 aut
567 788 673 839 eontra
693 780 842 840 enitentes
855 778 971 840 vertice
991 777 1102 838 intorti

193 861 428 940 adfligebantur,
444 858 604 920 constitere
613 881 620 932 ;
642 859 722 932 dein,
737 879 807 920 eum
816 861 883 939 jam
898 859 1042 938 spiritum
1057 859 1103 917 in·

193 942 328 1002 eluderet
352 962 407 1002 nee
438 942 626 1020 reciprocare
653 941 788 999 animam
815 941 937 1013 sineret,
958 940 1060 1002 aversi
1082 959 1103 998 a

192 1032 283 1082 vento
305 1043 469 1101 parumper
490 1020 657 1082 consedere.
699 1020 778 1080 Tum
791 1042 865 1082 vero
886 1021 1004 1098 ingenti
1026 1040 1102 1080 sono

140 1101 310 1166 1000010111
332 1114 474 1182 strepere,
490 1111 520 1162 et
540 1102 621 1162 inter
642 1101 808 1162 horrendos
828 1102 969 1182 fragores
985 1101 1102 1160 micare

192 1183 293 1262 ignes;
316 1184 399 1262 eapti
421 1183 546 1243 auribus
568 1191 597 1243 et
619 1183 714 1242 oculis
735 1191 818 1242 metu
839 1203 943 1243 omues
959 1191 1101 1260 torpere3

191 1262 315 1323 tandem
330 1263 423 1324 effuso
440 1264 546 1336 imbre,
562 1284 631 1323 cum
646 1283 681 1322 eo
694 1263 792 1342 magis
811 1283 938 1322 aceensa
952 1263 1000 1323 vis
1014 1262 1102 1322 venti

192 1352 275 1415 esset,
291 1344 355 1422 ipso
371 1344 424 1404 illo
441 1365 500 1423 quo
516 1344 657 1423 deprensi
670 1353 759 1403 erant
779 1343 846 1403 loeo
867 1352 969 1403 castra
986 1362 1102 1422 ponere

191 1425 391 1484 necessarium
408 1426 508 1486 visum
524 1435 576 1485 est.
620 1423 658 1483 Id
674 1445 746 1484 vero
760 1423 875 1484 laboris
888 1423 975 1484 velut
996 1423 1035 1482 de
1055 1423 1102 1482 in-

140 1506 178 1566 15
192 1513 277 1582 tegre
291 1505 414 1564 initium
431 1505 507 1578 fuit;
529 1525 601 1564 nam
616 1525 672 1564 nee
686 1505 841 1584 explicare
856 1505 1022 1584 quiequam
1044 1524 1102 1564 1100
1160 1539 1164 1548 ·

191 1593 324 1648 statuere
337 1594 488 1664 poterant,
504 1607 559 1646 nee
574 1585 656 1664 quod
677 1593 826 1645 statutum
847 1595 923 1646 esset
944 1584 1100 1658 manebat,

147 1711 151 1720 .
191 1665 295 1724 omnia
308 1666 520 1744 perscindente
534 1675 626 1728 vento
640 1675 671 1726 et
685 1667 830 1744 rapiente.
872 1665 916 1725 Et
929 1687 1002 1725 mox
1018 1686 1102 1744 aqua

192 1743 294 1805 levata
315 1754 415 1818 vento,
439 1767 509 1806 eum
530 1767 620 1826 super
640 1745 743 1825 gelida
764 1745 914 1805 montium
930 1747 1010 1825 juga
1030 1767 1100 1806 eon·

192 1835 276 1884 creta
290 1834 374 1898 esset,
391 1837 511 1886 tantum
533 1829 657 1888 nivosae
676 1827 835 1906 grandinis
853 1827 972 1905 dejecit,
987 1835 1022 1886 ut
1037 1847 1100 1886 om·

139 1907 179 1968 20
192 1906 282 1965 nibus
297 1907 412 1966 omissis
427 1907 662 1986 procumberent
675 1907 821 1980 homines
835 1907 1022 1985 tegminibus
1036 1908 1099 1967 suis

192 1986 288 2064 magis
313 1986 414 2047 obruti
440 2008 532 2066 quam
556 1988 647 2059 teeti;
670 1995 817 2066 tantaque
839 1988 885 2048 vis
907 1987 1030 2066 frigoris
1053 1987 1100 2046 in·

192 2074 294 2126 secuta
319 2077 372 2137 est,
396 2077 429 2126 ut
455 2088 494 2127 ex
519 2068 574 2128 illa
601 2067 768 2127 miserabili
796 2068 954 2128 hominum
977 2068 1099 2147 jumen-

192 2155 354 2224 torumque
373 2156 475 2226 strage
496 2169 564 2208 eum
586 2169 616 2208 se
637 2148 763 2226 quisque
783 2149 930 2208 extollere
942 2169 979 2208 ae
993 2147 1099 2208 levare

193 2226 296 2299 vellet,
317 2227 370 2286 diu
394 2228 541 2306 nequiret,
557 2229 638 2307 quia,
653 2229 844 2306 torpentibus
865 2230 964 2306 rigore
985 2229 1098 2302 nervis,

140 2307 180 2369 25
193 2307 247 2368 vix
263 2306 384 2367 flectere
402 2319 485 2369 artus
499 2319 649 2388 poterant.
691 2307 820 2380 Deinde,
834 2317 870 2368 ut
889 2309 1013 2368 tandem
1035 2309 1098 2386 agi·

195 2386 288 2447 tando
308 2408 370 2447 sese
392 2409 513 2449 movere
534 2402 571 2449 ac
592 2391 726 2468 recipere
745 2389 862 2450 animos
880 2398 911 2448 et
927 2389 1004 2448 raris
1022 2389 1099 2450 loeis

194 2467 273 2546 ignis
287 2467 352 2527 fieri
367 2477 411 2528 est
425 2478 558 2547 coeptus,
569 2469 609 2529 ad
624 2470 756 2530 alienam
771 2491 859 2548 opem
874 2470 999 2548 quisque
1010 2470 1098 2548 inops

195 2547 326 2608 tendere.
369 2548 504 2608 Biduum
532 2570 566 2610 00
594 2549 661 2610 1000
689 2551 775 2612 velut
802 2549 913 2610 obsessi
940 2570 1077 2609 mansere
1089 2571 1098 2622 ;

195 2628 284 2688 multi
300 2629 446 2701 homines,
461 2630 559 2690 multa
575 2630 725 2709 jumenta,
741 2629 897 2708 elephanti
917 2649 1037 2708 quoque
1058 2651 1097 2689 ex

142 2711 181 2771 30
195 2709 241 2849 111,
256 2710 308 2788 qui
323 2710 438 2803 proelio
452 2710 491 2769 ad
503 2709 645 2772 Trebiam
656 2712 738 2772 facto
752 2711 973 2790 superfuerant,
983 2720 1098 2789 septem

195 2811 214 2849 a
235 2802 357 2868 sumptr.

236 2870 325 2931 LIX.
368 2870 534 2950 Degressus
554 2871 719 2952 Apennino
740 2881 821 2933 retro
845 2872 885 2932 ad
906 2871 1099 2934 Placentiam

196 2961 296 3012 eastra
310 2953 415 3025 movit,
429 2965 459 3014 et
473 2953 513 3012 ad
528 2953 632 3014 decem
652 2954 738 3014 milia
757 2974 931 3032 progressus
952 2954 1098 3015 consedit.

196 3033 320 3092 Postero
340 3033 391 3092 die
410 3033 570 3092 duodecim
591 3034 677 3093 milia
698 3034 846 3114 peditum,
861 3035 996 3114 quinque
1017 3035 1098 3113 equi-

120 3147 122 3152 ·
142 3115 181 3174 35
196 3124 262 3172 tum
282 3112 427 3173 adversus
448 3113 565 3173 hostem
587 3114 681 3186 ducit,
695 3135 751 3174 1100
772 3114 970 3193 Sempronius
992 3115 1098 3174 consul

198 3194 278 3270 (jam
293 3193 374 3250 enim
394 3192 526 3252 redierat
547 3193 586 3252 ab
607 3193 721 3271 Roma)
737 3195 920 3256 detrectavit
935 3205 1097 3256 certamen.

195 3272 299 3350 Atque
323 3292 357 3332 eo
383 3271 431 3330 die
455 3273 516 3331 tria
539 3272 626 3332 milia
650 3275 770 3351 passum
794 3275 875 3334 inter
899 3276 972 3336 bina
997 3287 1099 3338 eastra

195 3351 298 3422 fuere3
319 3361 437 3428 postero
458 3351 507 3410 die
528 3352 703 3430 ingentibus
723 3353 843 3427 animis,
865 3358 951 3418 vario
973 3367 1097 3431 eventu,

194 3437 365 3509 pugnatum
387 3437 440 3490 est.
481 3429 586 3492 Primo
611 3453 758 3494 concursu
782 3435 859 3496 adeo
883 3457 930 3498 res
956 3437 1098 3500 Romana
