2520 3784
162 203 205 268 58
333 217 422 264 r1r1
450 216 550 264 ων]
577 215 632 262 AB
658 215 773 264 vene
796 213 988 263 conarri

214 375 322 436 divina
343 373 537 451 humanaque
557 372 670 446 omnia,
690 372 723 432 in
744 392 842 432 meam
864 371 1030 452 populique
1055 373 1121 434 Ro·

214 455 297 516 mani
332 453 533 514 dicioneml’?
549 485 590 494 -
605 451 807 512 “Dedimus’'
823 489 864 500 -
879 452 951 512 “At
984 473 1041 532 ego
1071 474 1121 514 re·

214 537 243 596 ci
267 533 323 595 io.’'

244 556 343 674 pBello
364 613 478 674 Sabino
492 613 624 692 perfecto
639 612 822 692 Tarquinius
842 612 1036 692 triumphans
1055 613 1119 674 Ro

181 699 297 759 5mam
317 695 405 754 redit.
448 692 526 754 Inde
548 693 657 754 Priscis
678 693 799 753 Latinis
821 692 936 753 bellum
959 693 1040 767 fecit,
1062 694 1120 754 ubi

214 795 364 854 nusquam
378 774 419 834 ad
433 775 592 835 universae
607 775 650 834 rei
664 773 890 834 dimicationem
905 783 1031 834 ventum
1053 783 1117 834 est:

167 898 170 902 ·
214 857 255 916 ad
269 855 391 934 singula
404 854 518 934 oppida
532 853 771 914 circumferendo
792 873 878 913 arma
898 875 986 914 omne
1005 875 1118 914 nomen

214 936 363 996 Latinum
388 935 513 995 domuit.
556 933 765 1006 Corniculum,
791 933 920 994 Ficulea
940 943 1036 1008 vetus,
1060 935 1118 996 Ca·

214 1015 319 1089 meria,
338 1015 589 1086 Crustumerium,
611 1012 778 1087 Ameriola,
801 1013 961 1085 Medullia,
983 1015 1118 1076 Nomen·

163 1098 202 1160 10
215 1107 290 1169 tum,
306 1097 380 1156 haec
395 1096 432 1155 de
447 1095 557 1156 Priscis
572 1094 692 1154 Latinis
713 1105 768 1155 aut
788 1094 840 1173 qui
861 1094 901 1154 ad
922 1094 1050 1156 Latinos
1065 1095 1115 1156 de·

214 1177 349 1238 fecerant
363 1188 453 1254 capta
468 1175 588 1254 oppida.
631 1175 698 1236 Pax
713 1175 823 1235 deinde
836 1184 880 1235 est
895 1175 985 1236 facta.

256 1257 372 1336 Majore
397 1256 468 1316 inde
491 1257 593 1316 animo
617 1256 701 1334 pacis
726 1276 816 1335 opera
843 1255 996 1328 inchoata,
1021 1276 1116 1335 quam

215 1345 330 1416 quanta
350 1336 429 1396 mole
449 1347 581 1414 gesserat
602 1336 742 1409 bellant
762 1357 821 1395 non
839 1335 969 1414 quietior
983 1337 1117 1416 populus

215 1417 298 1480 domi
311 1426 387 1477 esset
400 1437 492 1496 quam
507 1416 636 1476 militiae
649 1417 771 1477 fuisset:
793 1437 863 1477 nam
883 1426 913 1476 et
932 1437 1019 1478 muro
1037 1417 1116 1496 lapi·

162 1501 201 1564 15.
215 1499 279 1568 deo,
303 1497 388 1576 cujus
409 1496 567 1556 exordium
591 1497 688 1576 operis
712 1497 826 1558 Sabino
851 1496 932 1557 bello
957 1497 1116 1559 turbatum

214 1589 289 1652 erat,
305 1577 419 1650 urbem,
433 1597 495 1656 qua
507 1577 642 1638 nondum
659 1578 819 1650 munierat,
833 1577 955 1656 cingere
969 1589 1069 1656 parat,
1084 1588 1115 1639 et

214 1659 321 1720 infima
343 1658 426 1717 urbis
451 1656 519 1718 loca
544 1657 626 1718 circa
650 1657 750 1718 forum
777 1657 914 1736 aliasque
941 1658 1115 1739 interjectas
1135 1735 1139 1740 ι

215 1738 344 1800 collibus
366 1737 528 1811 convalles,
548 1738 620 1816 quia
644 1758 683 1798 ex
706 1737 806 1817 planis
829 1739 902 1799 locis
925 1739 1002 1800 haut
1024 1741 1115 1801 facile

214 1819 384 1880 evehebant
404 1837 506 1896 aquas,
529 1818 639 1878 cloacis
660 1818 780 1898 fastigio
803 1818 837 1878 in
858 1817 993 1880 Tiberim
1014 1821 1115 1882 ductis

160 1900 363 1972 sceleraret
383 1918 482 1958 aream
505 1898 545 1958 ad
567 1899 672 1958 aedem
692 1899 724 1958 in
741 1898 893 1978 Capitolio
909 1899 1005 1974 Jovis,
1021 1922 1113 1980 quam

214 1989 341 2040 voverat
364 1979 442 2039 bello
462 1977 584 2051 Sabino,
602 1979 668 2057 jam
689 1979 898 2058 praesagiente
917 1981 1018 2041 animo
1032 1983 1114 2042 l'utu·

213 2081 279 2120 ram
294 2061 367 2119 olim
383 2059 616 2137 amplitudinem
632 2060 701 2131 loci,
716 2069 848 2140 occupat
862 2061 1077 2124 fundamentis

253 2139 418 2200 XXXIX.
461 2139 508 2198 Eo
530 2148 665 2218 tempore
687 2140 719 2198 in
743 2141 826 2219 regia
848 2140 1113 2220 prodigiumvisu

213 2229 383 2298 eventuque
398 2218 538 2278 mirabile
548 2219 616 2279 fuit.
653 2219 751 2284 Puero
763 2221 935 2294 dormienti,
947 2222 997 2282 cui
1007 2222 1113 2284 Servio

160 2302 199 2364 25
214 2300 317 2360 Tullio
331 2299 390 2359 l'uit
405 2319 523 2371 nornen,
539 2308 633 2378 caput
652 2300 758 2360 arsisse
777 2301 880 2361 ferunt
899 2301 1065 2363 multorum
1081 2305 1113 2364 in

214 2389 394 2459 conspectu3
416 2378 668 2460 plurimo,.igitur
693 2381 825 2441 clamore
849 2381 920 2442 inde
944 2383 983 2442 ad
1007 2392 1113 2446 tantae

212 2461 256 2522 rei
279 2461 461 2522 miraculum
486 2468 562 2532 orto,
577 2461 692 2522 excitos
709 2481 808 2540 reges,
831 2471 870 2535 et,
893 2482 963 2522 cum
986 2464 1111 2542 quidam

213 2541 411 2601 familiarium
432 2560 544 2618 aquam
565 2540 606 2599 ad
622 2541 875 2620 restinguendum
896 2544 996 2616 ferret,
1011 2544 1051 2604 ab
1069 2565 1112 2605 re·

212 2623 285 2702 gina
298 2630 460 2692 ‘retentum
474 2621 638 2700 sedatoque
653 2643 720 2684 eam
740 2623 876 2682 tumultu
897 2624 1013 2685 moveri
1022 2634 1111 2686 ,vetu-

159 2699 202 2764 au
212 2703 269 2764 isse
283 2721 420 2781 puerum,
430 2700 526 2760 donec
540 2721 595 2762 sua
608 2712 715 2780 sponte
726 2711 918 2782 experrectus
932 2712 1025 2776 esset;
1041 2726 1112 2764 mox

212 2803 282 2842 oum
306 2801 410 2842 somno
433 2791 464 2841 et
487 2781 643 2842 flammam
664 2783 770 2844 abisse.
813 2782 892 2843 Tum
920 2783 1052 2844 abducto
1080 2786 1110 2844 in

211 2872 359 2924 secretum
381 2862 446 2924 viro
467 2861 619 2940 Tanaquil
642 2862 769 2925 “viden'
785 2871 819 2923 tu
845 2883 974 2942 puerum
991 2865 1111 2938 ‚hunc,''

211 2944 320 3022 inquit,
342 2946 458 3022 f‘quem
480 2952 544 3002 tam
564 2943 675 3002 humili
696 2944 782 3003 cultu
801 2944 1002 3004 educamusl.
1028 2944 1112 3006 Scire

211 3023 283 3083 licet
298 3023 378 3082 hunc
394 3023 496 3081 lumen
512 3023 666 3101 quondam
680 3023 770 3084 rebus
789 3025 901 3084 nostris
915 3025 1016 3086 dubiis
1031 3026 1114 3085 fetus

158 3105 197 3166 35
213 3123 280 3167 rum
300 3102 545 3183 praesidiumque
566 3103 666 3182 regiae
687 3104 845 3176 adflictaer
857 3105 998 3184 proinde
1020 3115 1110 3167 mate·

210 3186 289 3248 riam
310 3183 441 3262 ingentis
462 3182 810 3263 publiceprivatimque
829 3183 946 3245 decoris
964 3187 1047 3246 omni
1068 3187 1110 3246 in-

211 3264 371 3342 dulgentia
385 3272 488 3322 nostra
502 3263 700 3325 nutriamus.''
730 3301 732 3314 =
786 3291 787 3296 ¹
1065 3299 1068 3304 ι
1109 3313 1113 3322 .

251 3345 329 3404 Inde
343 3363 470 3422 puerum
485 3341 616 3405 liberum
631 3343 696 3409 loco
711 3343 1120 3423 coeptumrhaberierudiris·

211 3445 269 3505 que
278 3423 414 3498 artibus,
424 3421 534 3503 quibus
547 3422 723 3503 ingenia‘ad
740 3445 871 3504 magnae
887 3425 1137 3492 fortunaciani...
