2568 3782
197 269 211 309 r
235 227 281 308 ss.
384 247 392 306 ’.
421 243 557 306 misna
582 257 675 322 xxi,
704 241 833 307 19-20.
1087 244 1129 308 99

169 413 242 478 tatii
257 414 359 495 priore
373 413 502 487 foedere,
517 413 598 494 quod
612 424 765 479 mutatum
779 424 832 490 est,
847 417 1076 496 conparandum

169 497 260 558 erat?
281 515 352 555 cum
372 494 406 554 in
427 495 536 557 Lutati
556 495 677 556 foedere
697 497 808 557 diserte
828 497 970 560 additum
990 507 1075 572 esset,
1126 529 1142 584 7
1182 529 1211 554 ι(

170 577 218 636 ita
224 577 265 639 u'd
279 586 382 636 ratum
396 576 469 649 fore,
484 577 510 636 si
526 577 655 656 populus
668 575 813 650 scivisset,
823 577 856 636 in
871 577 1076 640 Hasdrubalis

171 656 295 716 foedere
318 676 374 716 nec
399 666 562 736 exceptum
586 656 650 722 talo
670 657 833 737 quicquam
858 659 959 732 fuerit,
980 669 1010 718 et
1031 668 1076 720 tot

173 757 326 797 annorum
339 736 460 797 silentio
475 737 520 797 ita
534 737 606 800 vivo
620 757 655 797 eo
670 737 889 816 conprobatum
907 739 947 812 sit
960 739 1075 814 foedus,
1110 740 1129 801 5

173 827 209 877 ut
230 837 270 876 ne
289 828 409 877 mortuo
430 817 555 896 quidem
574 827 699 877 auctore
715 818 879 896 quicquam
897 815 1075 882 mutaretur.

174 897 382 976 Quamquam,
392 907 422 956 et
435 899 461 957 si
474 899 576 978 priore
586 898 706 958 foedere
716 907 857 971 staretur,
864 899 937 958 satis
951 910 1076 962 cautum

174 987 241 1038 erat
268 977 455 1056 Saguntinis,
482 979 572 1040 sociis
600 988 798 1058 utrorumque
825 980 976 1058 exceptis;
1004 1000 1076 1041 narn

173 1079 273 1138 neque
291 1058 432 1119 additum
455 1068 522 1120 erat
547 1059 601 1120 ‘iis
624 1059 677 1140 qui
702 1069 776 1120 tunc
799 1059 914 1133 essent,'
938 1081 994 1120 nec
1019 1066 1077 1122 ‘ne

174 1141 228 1218 qui
248 1139 354 1218 po'stea
374 1139 624 1201 adsumerentnr!
666 1139 792 1200 Etcum
812 1141 970 1201 adsumere
982 1161 1076 1202 novos
1091 1143 1130 1204 10

173 1215 281 1280 liceret
299 1220 405 1293 sociae,
427 1221 494 1299 quis
522 1241 653 1314 aQn
681 1228 814 1281 censeret
841 1231 895 1282 aut
922 1221 961 1281 ob
988 1221 1077 1282 nulla
1096 1241 1122 1270 w

174 1317 361 1381 quemqnam
381 1301 491 1362 merita
511 1302 544 1361 in
564 1301 733 1362 amicitiam
754 1300 859 1380 recipi,
872 1311 927 1362 aut
941 1313 1076 1382 receptos
1095 1367 1101 1376 ,
1119 1297 1160 1361 ’Ϊ

165 1382 208 1442 ⁴in
228 1382 320 1442 fidem
341 1401 403 1441 non
424 1382 567 1443 defendi?
587 1389 709 1443 tantum
726 1401 764 1441 ne
778 1381 1077 1462 Carthaginiensium

123 1470 127 1472 ’
173 1463 250 1524 socii
269 1471 339 1531 ⁴aut
372 1462 611 1523 sollicitarentur
621 1461 676 1523 “ad
705 1463 913 1537 defectionem,
942 1473 996 1524 aut
1022 1483 1078 1524 sua

95 1561 100 1565 ·
135 1542 139 1551 “
174 1554 282 1624 sponte
303 1541 500 1606 desciscentes
520 1543 734 1623 reciperentur.
779 1567 785 1579 .
1092 1542 1131 1604 15

216 1613 328 1704 legati
343 1623 476 1691 Romani
490 1623 529 1684 ab
544 1624 738 1704 Carthagine,
748 1623 829 1685 sicut
842 1624 879 1685 iis
894 1625 1009 1685 Romae
1023 1625 1077 1686 im·

54 1705 92 1752 ·'-
174 1715 317 1802 peratum
339 1715 413 1780 erat,
428 1705 461 1764 in
482 1705 675 1785 Hispaniam,
690 1717 726 1766 ut
745 1705 866 1769 adirent
887 1704 1025 1768 civitates
1046 1714 1077 1768 et

175 1807 208 1849 ru
234 1786 412 1866 societatem
435 1785 617 1865 perlicerent
644 1794 699 1846 aut
725 1795 898 1847 everterent
918 1807 937 1846 a
958 1787 1076 1861 Poenis,

175 1867 373 1948 trajecerunt.
413 1865 466 1926 Ad
481 1866 645 1947 Bargusios
659 1865 793 1946 primum
806 1877 964 1940 venerunt,
978 1888 997 1927 a
1013 1867 1078 1948 qui-

175 1947 235 2008 bus
254 1947 387 2026 benigne
407 1948 537 2028 excepti,
552 1943 625 2026 quia
648 1946 790 2008 taedebat
810 1947 929 2026 imperii
950 1948 1077 2020 Punici3
1093 1949 1133 2010 20

65 2088 69 2092 .
177 2028 292 2088 multos
306 2037 391 2087 trans
406 2026 560 2088 Hiberum
577 2025 706 2108 populos
726 2026 767 2087 ad
787 2028 961 2105 cupidinem
980 2049 1079 2090 novae

177 2110 322 2170 fortunae
334 2117 504 2170 erexerunt.
546 2108 600 2168 Ad
614 2107 779 2168 Volcianos
796 2107 867 2167 inde
884 2119 928 2168 est
942 2117 1077 2182 ventum,

178 2209 310 2270 quorum
334 2187 452 2280 celebre
475 2207 530 2268 per
554 2187 738 2267 Hispaniam
763 2208 937 2266 responsum
967 2198 1078 2250 ceteros

179 2268 308 2351 populos
336 2269 376 2336 ab
403 2269 546 2330 societate
574 2269 714 2340 Romana
742 2268 863 2328 avertit.
919 2269 970 2329 Ita
997 2269 1078 2329 enim

180 2349 334 2412 maximus
355 2359 430 2409 natu
452 2371 490 2410 ex
511 2350 547 2409 iis
569 2349 602 2408 in
622 2349 751 2410 concilio
772 2348 943 2428 respondit:
974 2354 1078 2428 “quae
1093 2351 1132 2412 25

180 2429 366 2493 verecundia
385 2439 438 2503 est,
461 2430 602 2502 Romani,
622 2429 777 2508 postulare
798 2451 859 2502 vos,
881 2430 926 2490 uti
947 2440 1079 2492 vestram

145 2514 147 2518 ’
181 2509 480 2590 Carthaginiensium
508 2509 662 2571 amicitiae
684 2527 914 2588 praeponamus,
936 2532 1005 2571 cum
1027 2511 1080 2590 qui

181 2593 215 2653 id
249 2592 395 2664 fecerunt,
418 2591 617 2672 Saguntinos,
645 2591 798 2650 crudelius
833 2612 924 2670 quam
959 2593 1079 2652 Poenus

182 2672 277 2734 hostis
290 2666 434 2752 perdidit,
448 2693 502 2734 vos
515 2673 589 2738 socii
604 2671 818 2750 prodideritis?
859 2670 909 2734 Ibi
928 2673 1080 2751 quaeratis

182 2753 277 2815 socios
297 2773 412 2826 censeo,
427 2752 481 2812 ubi
496 2751 666 2831 Saguntina
681 2753 781 2812 clades
796 2751 901 2830 ignota
915 2762 967 2813 est.
1009 2753 1080 2814 His·
1095 2755 1134 2816 30

182 2831 272 2916 panis
285 2832 416 2914 populis,
430 2835 509 2897 sicut
522 2833 661 2912 lugubre,
675 2833 720 2892 ita
734 2833 851 2912 insigne
860 2834 1080 2910 ¹documentum
1134 2898 1145 2912 ,
1180 2906 1183 2914 ι

182 2915 313 2994 Sagunti
340 2913 448 2974 ruinae
475 2923 573 2986 erunt,
602 2913 734 2991 nequis
755 2913 825 2973 fidei
848 2914 1004 2974 Romanae
1027 2923 1081 2974 aut
1179 2920 1187 2952 ‘—

110 3069 112 3074 Ι
182 2995 319 3056 societati
346 2991 525 3055 confidat.’'‘
564 2992 650 3056 Inde.
669 2993 822 3072 extemplo
856 2993 941 3054 abire
969 2993 1081 3054 finibus

183 3076 404 3139 Volcianorum
428 3074 515 3155 jussi,
542 3075 582 3136 ab
611 3073 702 3134 nullo
724 3075 835 3134 deinde
860 3073 988 3134 concilio
1010 3074 1081 3134 His·

183 3156 294 3238 paniae
320 3156 501 3236 benigniora
526 3156 621 3218 verba
654 3151 761 3215 tulere.
816 3153 866 3214 Ita
897 3155 1081 3252 nequiquam
1096 3154 1134 3218 35

182 3242 346 3318 peragrata
367 3237 522 3316 Hispania
541 3237 574 3296 in
595 3234 731 3298 Galliam
752 3244 919 3295 transeunt.
952 3241 992 3301 L.)

223 3317 302 3378 XX.
344 3316 381 3376 In
406 3319 444 3376 iis
467 3337 548 3378 nova
572 3315 776 3393 terribilisque
799 3315 913 3392 species
936 3311 1003 3373 visa
1027 3323 1080 3386 est,

184 3399 267 3478 quod
281 3397 393 3458 armati
408 3397 466 3472 (ita
480 3417 545 3457 mos
558 3395 657 3474 gentis
671 3400 751 3470 erat)
767 3394 800 3452 in
815 3392 978 3452 concilium
993 3411 1081 3450 vene-

184 3490 265 3540 runt
307 3478 396 3552 Cum,
411 3475 512 3538 verbis
532 3474 713 3536 extollentes
731 3472 862 3552 gloriam
879 3470 1082 3547 virtutemque
