2520 3784
423 224 556 272 mann
584 224 609 289 1,
633 207 763 272 30-31.
1051 208 1095 272 4⁹

136 407 235 468 nuper
245 384 339 447 etiam
350 383 519 463 adjectione
529 381 636 461 populi
644 381 760 442 Albani
771 389 904 456 auctam,
913 381 1040 442 circum-

137 469 252 548 spicere
266 473 296 528 et
310 465 368 543 ipsi
383 472 510 524 externa
530 462 657 522 auxilia.
701 460 828 522 Etruria
848 471 914 523 erat
929 461 1039 535 vicina,

136 547 272 626 proximi
300 544 500 606 Etruscorum
529 541 682 604 Veientes,
724 540 811 615 Inde,
839 540 878 602 ob
906 541 1040 602 residuas

136 628 290 690 bellorum
317 625 378 684 iras
410 624 544 684 maxime
576 621 747 684 sollicitatis
774 621 814 682 ad
841 615 1039 684 defectidrem

135 708 256 781 animis,
271 704 461 769 voluntarios
481 713 612 776 traxere,
627 712 657 762 et
677 702 760 781 apud
780 722 821 764 va
842 723 874 763 os
894 703 1039 782 quosdam
1075 705 1096 765 t

135 809 176 850 ex
191 788 276 867 inopi
295 785 385 866 plebe
404 785 496 845 etiam
518 803 632 844 meroes
646 783 762 855 valuit;
785 723 909 862 pulrlieo
922 783 1041 845 auxilio

135 868 224 929 nullo
239 867 338 948 adjuti
355 863 611 943 sunt,'valuitque
631 863 714 942 apud
729 862 873 925 Veientes
896 864 980 936 (narn
1003 864 1040 924 de

135 949 245 1010 octaris
265 949 366 1007 minus
387 946 499 1005 mirum
519 951 578 1024 est)
600 953 692 1025 pacta
713 964 783 1004 cum
802 942 935 1006 Romulo
954 944 1040 1005 indn-

135 1030 250 1091 tiarum
264 1028 346 1089 fides

176 1109 257 1170 Cum
278 1107 393 1168 bellum
407 1107 561 1186 utrimque
582 1127 700 1168 summa
714 1127 770 1186 ope
784 1115 936 1186 pararent,
950 1103 1040 1168 verti-
1055 1106 1095 1166 10

135 1190 250 1269 quein
273 1209 308 1250 eo
330 1209 376 1248 res
399 1187 563 1260 videretur,
586 1189 648 1248 utri
670 1187 754 1266 prius
777 1207 864 1247 arma
884 1187 1039 1259 inferrent,

134 1278 268 1349 occupat
281 1268 389 1329 Tullus
404 1268 436 1326 in
450 1288 557 1347 agrum
581 1266 729 1328 Sabinum
750 1268 887 1328 transire.
930 1267 1039 1346 Pugna

134 1359 227 1410 atrox
241 1349 281 1410 ad
295 1349 405 1410 silvam
421 1348 606 1408 malitiosam
627 1347 697 1420 fuit,
712 1346 765 1407 ubi
780 1355 811 1408 et
826 1348 961 1426 pediturn
975 1348 1040 1426 qui-

136 1430 207 1490 dem
222 1429 338 1501 robore,
354 1438 487 1488 ceterum
502 1428 641 1506 equitatu
656 1436 746 1488 aucto
761 1447 858 1506 nuper
872 1426 1040 1505 plurimum

135 1509 281 1570 Romana
293 1509 373 1569 acies
387 1508 495 1569 valuit.
538 1507 591 1567 Ab
607 1507 759 1587 equitibus
776 1517 898 1586 repente
912 1507 1041 1567 invectis
1056 1506 1095 1566 15

134 1589 253 1650 turbati
278 1589 398 1649 ordines
421 1597 493 1649 sunt
515 1587 708 1660 Sabinorum,
730 1607 786 1647 nec
806 1607 911 1666 pugna
931 1587 1040 1648 deinde

134 1669 198 1730 illis
220 1678 358 1731 constare
378 1689 433 1729 neo
453 1668 528 1748 fuga
551 1668 702 1748 explicari
726 1668 791 1728 sine
813 1687 925 1747 magna
949 1667 1041 1728 caede

157 1751 245 1812 otuit.

134 1771 156 1832 p
175 1829 307 1892 XXXI.
350 1829 488 1892 Devictis
512 1827 642 1902 Sabinis,
662 1850 732 1891 cum
752 1829 785 1890 in
806 1849 918 1908 magna
941 1829 1040 1909 gloria

133 1913 316 1990 magnisque
336 1910 444 1989 opibus
466 1931 594 1989 regnum
610 1910 694 1971 Tulli
709 1931 746 1971 ac
760 1919 825 1971 tota
839 1931 885 1970 res
900 1910 1039 1970 Romana
1054 1909 1094 1971 20

134 2001 219 2064 essct,
234 1993 410 2051 nuntiatum
430 1991 494 2070 regi
517 1991 714 2070 patribusque
735 2000 788 2065 est,
809 1991 841 2050 iu
862 2000 964 2050 monte
984 1990 1040 2049 Al-

136 2071 216 2132 bano
231 2071 385 2150 lapidibus
399 2071 540 2150 pluvisse.
578 2071 668 2147 Quod
684 2091 753 2132 cum
769 2071 916 2132 creditrix
931 2079 1038 2150 posset,

135 2153 233 2212 missis
247 2151 288 2211 ad
302 2151 334 2211 id
348 2151 508 2212 visendum
523 2151 706 2230 prodigium,
723 2150 755 2211 in
776 2161 947 2229 conspectu,
963 2151 1039 2212 hant

135 2233 225 2293 aliter
251 2252 343 2311 quam
370 2252 440 2291 cum
464 2232 646 2309 grandinem
670 2232 755 2293 venti
783 2232 981 2311 glomeratam
1006 2231 1038 2292 in

135 2321 231 2374 terras
259 2321 364 2391 agunt,
393 2310 493 2372 crebri
521 2312 656 2372 cecidero
683 2312 767 2374 caclo
795 2311 919 2391 lapides.
969 2309 1040 2373 Visi
1053 2312 1093 2374 25

135 2395 228 2454 etiarn
250 2393 356 2453 audire
377 2412 482 2453 vocem
504 2392 657 2472 ingentem
679 2413 719 2453 ex
738 2393 849 2454 summi
871 2392 1038 2454 cacuminis

135 2474 215 2547 luco,
227 2483 263 2534 ut
277 2473 377 2553 patrio
392 2473 454 2532 ritu
468 2493 556 2534 sacra
567 2473 685 2534 Albani
699 2473 843 2546 facerent,
854 2494 941 2552 quae,
953 2473 1039 2535 velut

134 2555 193 2614 diis
215 2574 336 2632 quoque
356 2553 448 2614 simul
470 2573 540 2613 cnm
560 2555 663 2634 patria
683 2554 806 2628 relictis,
821 2555 969 2617 oblivioni
990 2554 1039 2616 de·

134 2635 255 2708 derant,
269 2644 299 2693 et
316 2641 370 2694 aut
387 2633 530 2694 Romana
549 2654 636 2694 sacra
655 2645 849 2714 susceperant
869 2643 924 2694 ant
943 2634 1038 2696 fortu-

133 2735 201 2787 nae,
225 2723 261 2775 ut
284 2713 326 2787 fit,
350 2713 461 2774 obirati
485 2714 601 2774 nultum
627 2714 815 2793 reliquerant
839 2716 936 2775 deum.
978 2715 1037 2775 Ro·
1051 2714 1092 2778 30

133 2795 234 2854 manis
248 2814 368 2872 qnoque
382 2793 422 2853 ab
437 2793 541 2853 eodem
556 2795 695 2874 prodigio
714 2795 898 2860 novendiale
917 2815 1037 2856 sacrum

133 2875 258 2954 publice
280 2882 452 2952 susceptum
473 2883 527 2946 est,
548 2895 600 2934 seu
620 2895 694 2937 voce
716 2875 837 2936 caelesti
859 2896 898 2935 ex
912 2874 1037 2937 Albano

133 2965 238 3014 monte
253 2954 343 3014 missa
360 2961 446 3030 (nam
461 2953 493 3012 id
507 2975 626 3033 quoque
636 2955 784 3034 traditur)
796 2976 848 3015 sen
862 2955 1035 3034 aruspicum

134 3036 275 3106 monitu;
296 3035 408 3093 mansit
429 3043 509 3094 certe
530 3034 686 3107 sollemne,
701 3044 744 3108 nt,
759 3035 940 3115 quandoque
956 3036 1037 3096 idem
1140 3045 1144 3052 '

133 3116 309 3194 prodigium
332 3115 534 3188 nuntiaretur,
557 3115 648 3176 feriae
671 3137 726 3195 per
749 3136 858 3178 novem
882 3117 945 3176 dies
969 3135 1036 3195 age·
1051 3114 1090 3175 35

133 3205 249 3255 rentur.

175 3275 272 3335 Haud
297 3275 341 3335 ita
366 3274 462 3335 multo
486 3284 554 3354 post
577 3275 752 3354 pestilentia
780 3271 955 3336 laboratum
983 3283 1035 3336 est.

129 3353 227 3422 ‚Unde
248 3375 321 3422 oum·
339 3356 466 3434 pigritia
486 3356 641 3416 militandi
663 3364 808 3425 oreretur,
823 3355 913 3413 nulla
933 3363 1035 3412 tamen

133 3433 180 3504 ab,
194 3435 288 3560 armip
309 3436 393 3560 qqies
415 3434 547 3496 dabatur
568 3455 587 3494 a
607 3433 751 3494 bellicoso
772 3452 850 3510 rege,
864 3430 1036 3490 salubriora

170 3566 177 3576 .
291 3542 324 3551 -
354 3529 406 3576 ur·
443 3525 446 3532 ·
