2520 3784
396 949 652 1032 [PERIOCHA
682 951 818 1025 LIBRI
847 953 895 1034 1.]

193 1275 342 1335 [Anvnurus
358 1276 453 1321 Aeneae
466 1276 490 1320 in
505 1275 604 1320 Italiam
615 1280 639 1320 et
654 1289 691 1320 res
708 1280 798 1334 gestae.
830 1276 920 1322 Ascani
938 1290 1039 1335 regnum
1051 1276 1129 1322 Albae

161 1357 185 1398 et
196 1353 257 1398 Silvi
268 1357 292 1398 et
303 1354 415 1413 deinceps
428 1353 566 1398 Siluiorum.
600 1352 735 1397 Numitoris
744 1353 795 1397 filiu
806 1367 820 1397 a
832 1353 911 1397 Marte
919 1367 1064 1415 compressa,
1075 1353 1128 1398 noti

162 1431 279 1476 Romulus
302 1435 326 1476 et
346 1430 443 1476 Remus.
477 1431 588 1475 Amulius
606 1430 771 1487 obtruncatus,
788 1431 845 1475 urbs
865 1445 879 1475 a
899 1431 1002 1475 Romulo
1022 1432 1127 1486 condita,

162 1513 259 1554 senatus
277 1510 359 1564 leetus,
372 1523 427 1553 eum
444 1508 541 1552 Sabinis
559 1508 682 1562 bellatum,
695 1508 774 1567 spolia
790 1508 872 1568 opime
883 1507 990 1552 Feretrio
1002 1507 1057 1552 Iovi
1068 1509 1128 1564 lata,

162 1586 186 1630 in
206 1586 285 1638 curias
306 1586 409 1646 populus
427 1585 528 1640 divisus,
542 1583 679 1640 Fidenates,
696 1583 810 1628 Veientes
826 1585 893 1639 victi,
911 1585 1028 1630 Romulus
1044 1599 1128 1630 conse-

161 1666 249 1708 cratus.

192 1740 272 1786 Numa
283 1740 418 1799 Pompilius
430 1739 491 1784 ritus
504 1752 625 1784 sacrorum
637 1739 747 1784 tradidit.
764 1744 835 1800 porta
847 1739 902 1784 Iani
913 1741 1004 1785 clausa.

192 1817 275 1862 Tullus
288 1816 407 1861 Hostilius
418 1816 525 1878 Albanos
537 1816 600 1861 bello
612 1816 722 1877 diripuit.
739 1817 923 1874 trigeminorum
935 1831 1027 1879 pugna.
1056 1817 1129 1864 Metti

161 1895 242 1942 Fufeti
254 1896 407 1957 supplicium.
441 1895 525 1940 Tullus
537 1896 638 1940 fulmine
650 1900 815 1953 consumptus.

190 1975 272 2020 Ancus
285 1974 390 2020 Marcius
404 1974 504 2018 Latinos
517 1975 614 2029 devicit,
627 1975 719 2020 Ostiam
731 1976 848 2021 condidit.

191 2054 337 2114 Tarquinius
352 2053 448 2098 Priscus
466 2052 567 2097 Latinos
584 2054 717 2114 supererit,
729 2055 891 2110 circumiecit,
903 2055 1019 2100 finitimos
1031 2055 1128 2112 devicit,

160 2145 242 2177 muros
254 2136 279 2175 et
291 2132 383 2176 cloccas
397 2131 461 2176 lecit.

192 2209 274 2254 Servio
287 2210 366 2253 Tullio
379 2212 453 2269 caput
464 2209 531 2253 arsit.
564 2208 662 2254 Servius
674 2209 767 2253 Tullius
779 2209 893 2254 Veientes
904 2210 995 2255 devicit
1010 2214 1035 2255 et
1050 2225 1129 2272 popu·

161 2288 210 2332 lum
222 2287 247 2330 in
259 2287 347 2330 classes
360 2285 450 2336 divisit,
462 2286 546 2330 aedem
558 2285 651 2330 Dianae
663 2287 791 2330 dedicavit.

192 2365 338 2424 Tarquinius
357 2363 479 2424 Superbus
496 2364 574 2407 occiso
591 2363 670 2407 Tullio
688 2377 789 2420 regnum
806 2365 902 2409 invasit.
935 2366 1030 2412 Tulliae
1049 2368 1127 2413 scelus

127 2492 132 2504 ,
161 2444 187 2489 in
203 2448 306 2504 patrem.
341 2441 436 2486 Turnus
455 2440 592 2484 Herdonius
609 2454 652 2500 per
668 2440 828 2500 Tarquinium
844 2443 943 2488 occisus.
966 2443 1055 2488 bellum
1072 2459 1128 2490 cum

161 2525 265 2570 Vulsois.
283 2522 369 2567 irsude
387 2520 448 2591 Sexq
459 2519 577 2580 Tarquini
594 2519 667 2564 Gobii
684 2519 781 2580 direpti.
814 2522 961 2582 Capitolium
978 2523 1127 2571 inchoatum.

162 2603 270 2648 Termini
282 2605 307 2646 et
318 2601 438 2646 quentae
454 2613 510 2644 arae
526 2598 618 2643 moveri
633 2611 682 2642 non
698 2601 838 2658 potnerunt.
871 2598 984 2647 Lucretia
994 2615 1019 2647 se
1030 2602 1127 2650 oceidit.

163 2678 265 2741 Superbi
277 2677 395 2739 expulsio.
413 2678 540 2733 regnatum
552 2677 588 2718 est
599 2674 670 2718 annis
682 2673 784 2732 OOLV.]

945 2826 978 2878 16
