2520 3784
147 226 191 290 40
316 240 405 286 τιτι
433 239 611 287 n1v1na
637 239 752 287 vana
781 238 971 286 oonnrrs

199 399 324 478 hujusce
338 417 400 458 esse
413 395 487 456 belli
501 396 621 456 audisse
634 395 749 469 videor,
759 417 815 456 nec
828 405 858 456 te
873 395 989 469 dubito,
999 397 1102 472 Tulle,

199 479 304 539 eadem
324 497 397 556 prae
418 485 448 537 te
468 476 561 536 ferre:
583 476 637 536 sed
658 477 684 535 si
698 497 770 536 vcra
787 477 888 555 potius
904 497 996 554 quam
1011 479 1102 539 dictu

198 560 332 654 speciosa
352 557 482 618 dicenda
501 567 581 630 sunt,
596 557 707 636 cupido
722 556 842 635 imperii
861 555 936 616 duos
955 567 1103 636 cognatos

197 641 373 720 vicinosque
393 637 521 716 populos
541 637 581 698 ad
602 658 688 697 arma
708 637 855 696 stimulat.
898 635 1004 715 Neque
1018 647 1104 698 recte

165 719 183 778 5
198 741 238 782 an
294 740 413 800 rperam
431 719 614 798 interpretor
623 740 630 789 ;
652 718 746 776 fuerit
760 717 818 776 ista
831 717 895 795 ejus
909 717 1101 792 deliberatio,

199 741 376 880 quilrirllum
387 799 526 878 suscepit.
562 797 614 858 Me
626 797 742 858 Albani
754 797 885 876 gerendo
897 795 978 857 bello
990 798 1099 858 ducem

198 903 346 942 creavere.
389 881 473 940 Illud
494 889 533 953 te,
554 879 651 952 Tulle,
670 878 819 938 monitum
835 877 945 938 velim:
968 878 1102 939 Etrusca

197 983 244 1022 res
262 971 376 1040 quanta
398 963 480 1021 eirca
500 981 563 1034 noa,
578 971 667 1039 teque
682 960 824 1031 maxime,
839 959 887 1032 sit,
902 979 963 1038 quo
977 960 1102 1038 propior

197 1063 228 1103 es
248 1041 440 1115 Tuscis,th
461 1043 558 1121 magis
579 1042 644 1101 scis.
686 1039 821 1100 Multum
838 1038 885 1098 illi
900 1049 990 1112 terra,
1005 1038 1101 1117 pluri-

145 1121 184 1182 10
197 1143 279 1184 mum
301 1125 379 1182 mari
400 1123 523 1199 pollent.
567 1123 686 1182 Memor
706 1131 777 1194 esto,
794 1121 859 1200 jam
886 1141 956 1180 cum
977 1121 1101 1198 signum

196 1223 318 1282 pugnae
331 1203 428 1276 dabis,
437 1204 492 1263 has
506 1204 582 1264 duas
597 1204 676 1264 acies
689 1201 863 1282 spectaculo
876 1201 949 1274 fore,
959 1210 994 1262 ut
1008 1201 1101 1262 fessos

197 1283 406 1362 confectosque
418 1284 509 1343 simul
526 1285 672 1345 victorem
687 1305 723 1344 ac
737 1283 853 1344 victum
869 1281 1100 1361 adgrediuntur.

196 1362 306 1442 Itaque
319 1363 345 1423 si
359 1384 412 1423 nos
427 1365 458 1424 di
473 1374 587 1438 amant,
605 1365 749 1443 quoniam
770 1385 831 1424 non
853 1363 988 1423 contenti
1009 1363 1101 1424 libcr-

171 1509 173 1512 ,
195 1452 259 1504 tate
274 1453 356 1504 certa
370 1445 402 1502 in
417 1443 542 1504 dubiam
558 1445 677 1524 imperii
691 1445 988 1522 servitiiquealeam
1010 1445 1100 1518 imus,
1156 1439 1160 1450 '

143 1521 181 1582 15
196 1524 331 1584 ineamus
351 1523 485 1603 aliquam
500 1526 593 1597 viam,
609 1545 678 1605 qua,
693 1523 755 1584 utri
770 1526 846 1584 utris
860 1525 1021 1603 imperent,
1034 1525 1101 1585 sine

195 1624 307 1682 magna
328 1603 423 1675 clade,
441 1605 506 1665 sina
526 1605 624 1666 multo
644 1605 791 1683 sanguine
812 1605 971 1684 utriusque
991 1606 1100 1684 populi

195 1683 315 1744 decerni
344 1685 467 1764 possit.’'
509 1684 607 1746 Haud
636 1685 776 1764 displicet
799 1706 846 1746 res
871 1685 972 1758 Tullo,
994 1706 1101 1764 quom-

194 1785 285 1846 quam
311 1785 380 1824 cum
405 1765 508 1827 indole
532 1769 627 1826 animi
648 1776 715 1828 tum
735 1787 789 1845 spe
802 1766 950 1826 victoriae
970 1765 1100 1826 ferocior

194 1855 267 1906 erat.
311 1845 535 1922 Quaerentibus
563 1849 719 1926 utrimque
749 1846 828 1906 ratio
856 1846 961 1918 initur,
989 1847 1040 1904 cui
1067 1855 1100 1906 et

141 1927 180 1987 20
194 1923 317 1986 fortuna
337 1927 404 2006 ipsa
425 1927 566 2004 praebuit
587 1924 772 1988 materiam.¹

234 2005 362 2068 XXIV.
405 2007 498 2068 Forte
518 2008 550 2067 in
571 2008 690 2068 duobus
712 2017 777 2068 tum
802 2006 988 2068 exercitibus
1010 2016 1099 2068 erant

194 2086 349 2165 trigemini
377 2088 493 2161 fratres,
517 2109 573 2148 nec
601 2093 701 2148 aetate
725 2109 782 2148 nec
802 2088 921 2150 viribus
944 2088 1096 2166 dispares:

194 2165 341 2228 Horatios
355 2167 567 2248 Curiatiosque
587 2169 680 2229 fuisse
699 2169 772 2229 satis
790 2177 916 2242 constat,
932 2189 988 2229 nee
1002 2168 1098 2228 ferme

193 2267 239 2306 res
260 2248 387 2326 antiqua
408 2249 470 2309 alia
489 2259 533 2310 est
552 2249 702 2322 nobilior3
723 2260 825 2309 tamen
841 2249 873 2308 in
888 2269 921 2308 re
934 2257 997 2308 tam
1013 2249 1098 2309 clara

140 2330 179 2390 25
193 2329 351 2387 nominum
372 2350 455 2391 error
475 2339 588 2404 manet,
604 2331 701 2391 utrius
719 2329 826 2408 populi
848 2327 983 2403 Horatii,
997 2330 1097 2389 utrius

192 2405 324 2468 Curiatii
338 2409 461 2470 fuerint.
504 2411 656 2472 Auctores
676 2420 805 2488 utroque
826 2409 972 2469 trahunt:
994 2409 1097 2488 plures

192 2497 295 2548 tamen
317 2489 448 2564 invenio,
470 2492 523 2570 qui
545 2492 699 2552 Romanos
723 2489 872 2551 Horatios
894 2499 1019 2562 vocent;
1040 2490 1098 2550 hos
1190 2535 1200 2546 .

193 2577 228 2629 ut
241 2589 358 2648 sequar,
373 2572 503 2632 inclinat
518 2573 646 2633 animus.

233 2649 310 2710 Cum
335 2651 502 2730 trigeminis
530 2663 626 2732 agunt
646 2673 738 2731 reges,
758 2661 793 2712 ut
814 2672 869 2730 pro
893 2671 949 2711 sua
969 2651 1098 2731 quisque

140 2731 180 2792 30
193 2731 294 2808 patria
315 2731 461 2792 dimicent
482 2732 578 2793 ferro:
602 2732 644 2792 ibi
666 2734 828 2812 imperium
850 2732 923 2805 fore,
938 2732 1020 2792 unde
1034 2733 1097 2794 vie-

192 2811 272 2870 toria
286 2811 387 2873 suerit.
430 2813 518 2872 Nihil
535 2826 709 2886 recusatum
730 2823 850 2892 tempus
870 2823 901 2873 et
921 2812 1007 2873 locus
1028 2834 1097 2873 con·

193 2891 285 2952 venit.
328 2891 511 2972 Priusquam
544 2894 733 2966 dimicarent,
758 2893 864 2953 foedus
890 2894 988 2952 ictum
1015 2893 1097 2954 inter

193 2970 346 3032 Romanos
367 2983 397 3033 et
412 2973 551 3034 Albanos
566 2982 610 3033 est
624 2973 671 3033 his
686 2973 813 3052 legibus,
828 2981 873 3046 ut,
889 2974 974 3052 eujus
988 2974 1096 3052 populi

193 3051 274 3112 cives
298 3073 332 3114 eo
356 3055 521 3114 certamine
543 3054 695 3127 vicissent,
719 3056 745 3114 is
769 3054 860 3114 alteri
884 3053 1010 3133 populo·
1024 3075 1096 3113 cum

139 3133 178 3192 35
192 3131 274 3192 bona
287 3154 362 3212 pace
375 3134 569 3212 imperitaret.

233 3211 370 3273 Foedera
391 3213 454 3273 alia
479 3215 547 3274 aliis
571 3214 698 3294 legibus,
720 3223 853 3276 ceterum
878 3215 982 3274 eodem
1003 3213 1096 3276 modo

192 3292 293 3352 omnia
307 3293 393 3353 fiunt.
435 3293 514 3353 Tum
536 3295 581 3356 ita
601 3295 716 3355 fuctum
734 3296 915 3374 accepimus,
929 3315 985 3355 nec
1000 3294 1096 3356 ullius

191 3373 340 3433 vetustior
350 3373 478 3433 foederis
489 3377 634 3438 memoria
648 3385 709 3436 estc
724 3377 836 3436 fetialis
850 3397 951 3455 regern
967 3375 1095 3435 Tullum

192 3451 236 3512 ita
263 3453 400 3531 rogavit:
423 3453 573 3532 “jubesne
600 3473 657 3527 me,
678 3475 743 3529 rex,
765 3475 835 3516 cum
859 3465 947 3534 patre
970 3463 1095 3536 patrato
