2568 3782
128 214 171 280 86
304 231 394 278 r1r1
420 231 595 278 n1v1xa
618 231 733 279 vaca
763 229 954 278 connrrx

182 388 334 450 custodias
348 389 551 468 stationesque
564 387 697 448 militum
713 397 942 470 conspexerunt.
984 385 1085 449 Vesti-

183 477 233 530 tus
253 468 332 529 nihil
353 469 433 529 inter
454 470 594 548 aequales
615 468 787 540 excellens3
808 490 894 529 arma
908 477 999 546 atque
1014 466 1084 546 equi

133 543 135 548 ¹
184 543 491 629 conspiciebantur.22t
499 549 647 630 Equitum
668 549 866 630 pedifflnque
889 549 970 634 idem
995 547 1085 626 longe

184 631 300 710 primus
314 640 397 706 erata
418 630 522 710 prince
545 653 558 691 s
573 630 605 690 in
619 631 778 712 proelium,
786 629 860 702 ibat,
875 629 1002 689 ultimus
1018 647 1085 688 con·

136 711 392 792 'bscrtoproelio
406 652 601 772 excedehlat„
806 754 831 790 Ἄ
848 749 875 770 ‚·
908 760 939 774 .,

225 790 292 852 Has
307 800 409 852 tantas
423 792 483 852 viri
498 792 627 853 virtutes
642 791 780 869 ingentia
793 790 871 854 vitia
893 789 1085 870 aequabant:

185 871 353 932 inhumana
381 872 554 948 crudelitas,
583 874 711 952 perfidia
738 871 808 951 plus
836 893 929 950 quam
958 870 1085 942 Punica,

164 1021 167 1029 ¹
185 952 264 1011 nihil
282 952 355 1026 veri,
373 952 451 1012 nihil
472 952 578 1026 sancti,
600 954 704 1012 nullus
726 953 815 1012 deum
836 961 942 1024 metus,
963 951 1086 1012 nullum

33 1045 104 1100 ,aas
168 1049 173 1057 ”
187 1033 238 1114 jus
255 1032 433 1112 jurandum,
454 1034 542 1094 nulla
563 1033 678 1112 religio.
720 1033 799 1094 Cum
821 1032 879 1092 hac
903 1031 1006 1092 indole
1026 1031 1085 1092 vir·

131 1115 170 1176 10
185 1122 286 1173 tutum
307 1123 398 1193 atque
418 1114 563 1174 vitiorum
584 1114 715 1174 triennio
736 1113 792 1174 sub
814 1111 1012 1173 Hasdrubale
1032 1111 1086 1170 irn-

184 1203 324 1273 peratore
344 1193 464 1268 meruit,
485 1195 573 1254 nulla
594 1216 635 1270 re,
655 1215 734 1274 quae
754 1195 873 1274 agenda
893 1192 1087 1272 videndaque
1111 1244 1115 1254 .
1160 1221 1163 1226 ·

153 1375 165 1396 ν·
225 1353 266 1416 V.
308 1354 503 1416 Ceterum'bx
518 1355 580 1436 'q'uo'
595 1355 645 1416 die
663 1357 727 1416 dux
746 1365 791 1418 est
805 1355 986 1428 declaratus,
1000 1353 1101 1424 velut¹

19 1449 29 1482 ι·
161 1433 280 1494 ‹Italia
306 1435 333 1494 ei
360 1436 519 1515 provincia
540 1437 672 1512 ,decreta
707 1437 881 1520 bellumque
909 1437 1086 1509 Romanurn
1140 1492 1143 1496 .

132 1511 170 1576 15
184 1515 364 1575 mandatum
392 1525 477 1590 esset,
504 1517 583 1576 nihil
612 1517 829 1597 prolatandum
860 1527 953 1591 ratus,
982 1537 1021 1578 ne
1054 1537 1085 1576 se
1135 1523 1138 1528 '

185 1615 313 1675 quoque,
342 1605 377 1656 ut
405 1606 524 1676 patrem
552 1597 773 1671 Hamilcarem,
802 1599 912 1660 deinde
947 1598 1086 1658 Hasdru-

184 1676 295 1749 balem,
310 1686 505 1740 cunctantem
522 1699 608 1738 casus
629 1678 741 1760 aliquis
762 1680 954 1758 opprimeret,
969 1679 1086 1757 Sagun-

186 1757 258 1817 tinis
282 1757 395 1826 inferre
419 1757 536 1818 bellurn
560 1760 703 1825 statuit-:n
722 1832 729 1840 .
750 1759 839 1820 uibus
863 1781 879 1842 p
924 1780 943 1818 u
967 1759 1085 1832 n'andis,

185 1837 258 1915 quia
286 1837 363 1898 haut
392 1837 484 1898 dubie
519 1838 660 1898 Romana
683 1836 781 1900 'arma
814 1837 1024 1913 movebantur,
1053 1859 1085 1898 m

130 1921 171 1982 20
185 1917 338 1978 Olcadum
364 1917 449 1997 prius
476 1918 551 1980 fines
580 1919 677 1994 (ultra
704 1920 856 1996 Hiberum
884 1941 920 1982 ea
945 1940 1019 2000 gens
1053 1920 1086 1980 in

184 2005 271 2077 parte
285 1999 382 2077 magis
397 2019 489 2078 quam
504 2001 536 2060 in
551 2000 670 2060 dicione
683 1999 982 2080 Carthaginiensium
1002 2005 1084 2079 erat)

185 2078 311 2138 induxit
334 2079 512 2154 exercitum,
537 2091 573 2141 ut
592 2101 653 2141 non
678 2082 788 2160 petisse
815 2082 1007 2160 Saguntinos,
1031 2081 1085 2143 sed

185 2179 286 2218 rerum
306 2159 391 2233 serie,
406 2160 546 2221 finitimis
561 2162 683 2221 domitis
697 2162 848 2240 gentibus,
858 2163 1084 2242 jungendcque,

184 2248 300 2300 tractus
314 2239 353 2299 ad
368 2240 400 2300 id
414 2240 529 2300 bellum
545 2243 642 2303 videri
656 2237 763 2321 posset.
805 2243 962 2306 Cartalam
976 2243 1084 2306 urbem

137 1299 138 1304 ¹
160 1277 295 1354 “magno
310 1273 414 1335 futuro
429 1275 599 1353 Qciesset,
615 1277 832 1351 praetermissa.
1052 1284 1138 1528 αἶ

130 2325 170 2386 25
184 2318 369 2398 opulentam,
391 2330 484 2400 caput
504 2322 602 2400 gentis
624 2323 696 2402 ejus,
718 2333 874 2404 expugnat
894 2309 1083 2404 'diripitque3
1155 2321 1159 2329 ’

184 2422 244 2480 quo
265 2409 347 2460 metu
369 2401 524 2480 perculsae
545 2404 676 2464 minores
700 2405 840 2466 civitates
863 2397 1014 2484 stipendio
1039 2405 1084 2464 in·
1131 2469 1132 2474 χ
1238 2433 1243 2438 ·

183 2482 280 2562 posito
296 2482 455 2560 imperium
471 2472 657 2562 accepererl‘
664 2481 775 2556 Victor
789 2486 948 2546 exercitus·
959 2485 1083 2564 opulen-

184 2571 292 2641 tusque
313 2563 427 2642 pracda
448 2562 665 2643 Carthaginem
691 2565 812 2626 Novam
833 2567 866 2626 in
886 2559 1101 2642 hiberna-est·
1190 2591 1192 2595 ·

184 2644 340 2704 deductus.
383 2635 434 2703 Ibi
444 2643 529 2723 large
539 2645 700 2723 partiendo
714 2645 1084 2740 praedam'stipmrdioque
1148 2653 1150 2657 '

129 2727 169 2789 30
184 2723 348 2802 praeterito
363 2745 431 2784 curn
447 2725 506 2784 fide
521 2721 705 2788 exsoluendo
719 2727 837 2786 cunctis
856 2743 969 2798 crurum
990 2729 1083 2790 socio·

183 2825 311 2883 rumque
325 2805 434 2864 animis
449 2805 481 2864 in
496 2827 527 2866 se
541 2807 677 2880 firmatis,
688 2828 758 2870 vere
771 2809 870 2888 primo
884 2809 916 2868 in
927 2807 1083 2870 Vaccaeos

182 2895 355 2964 promotum
369 2885 493 2947 bellum.
536 2887 746 2959 Hermandica
760 2899 790 2948 ct
801 2888 965 2962 Arbocala,
977 2905 1088 2951 eorum·

182 2966 281 3039 urbes,
296 2969 327 3028 vi
342 2975 456 3046 captae.
499 2966 656 3030 Arbocala
669 2979 700 3030 et
714 2971 827 3031 virtute
841 2980 871 3040 et
884 2967 1084 3045 multitudine

1248 2795 1275 2966 fr

182 3047 405 3126 oppidanorum
419 3049 472 3108 diu
488 3049 620 3118 defensa.
662 3050 714 3110 Ab
735 3050 945 3120 Hermandica
959 3051 1093 3130 profugi·
1144 3043 1147 3052 ¹
1192 3105 1193 3108 ,
1264 3035 1268 3043 “

95 3127 167 3189 ΤΆῧὸ
182 3127 324 3187 exulibus
353 3128 515 3204 Olcadum,
543 3133 644 3209 priore
671 3139 785 3190 aestate
813 3131 945 3194 domitae
962 3133 1083 3210 gentis¹

73 3268 76 3273 ,
182 3228 252 3267 cum
273 3229 304 3268 se
319 3209 503 3294 junxissent,
529 3212 685 3272 concitant
705 3211 900 3291 Carpetanos,
921 3207 1105 3290 adortique.

181 3287 391 3348 Hannibalem
421 3310 589 3368 regressum
624 3313 662 3350 cx
692 3291 840 3352 Vaccaeis
868 3293 945 3360 haut
973 3291 1114 3372 procul*

180 3367 264 3446 Tago
284 3368 420 3440 flumine,
440 3391 549 3448 agmen
570 3391 663 3450 grave
684 3373 798 3450 praeda
819 3373 999 3438 turbavere..

222 3447 381 3508 Hannibal
396 3451 511 3530 proelio
527 3450 683 3524 abstinuit,
699 3454 864 3532 castrisque
878 3475 968 3534 super
983 3457 1082 3535 ripam
1167 3497 1171 3502 -
1274 3511 1275 3522 ,

974 3647 1085 3736 cpi..

665 3757 678 3766 ,ι
717 3729 752 3766 -2
798 3741 1100 3766 ...ΛΔ-ιω.)
