2568 3782
179 199 244 265 160
345 217 435 264 rrrr
461 218 556 266 nrvr
586 217 641 263 aa
668 217 784 266 vana
814 218 1004 266 ooanrra

229 375 269 435 ad
280 375 463 434 firmandum
475 375 626 453 praesidio
636 374 758 449 saltum,
767 376 819 454 qui
830 393 921 454 super
930 375 1136 437 Tarracinam

229 455 262 515 iu
276 465 358 514 artas
373 466 495 515 coactus
509 456 610 514 fauces
625 455 754 515 inminet
769 457 855 529 mari,
871 477 909 516 ne
929 456 968 516 ab
989 457 1137 518 Sinuessa

230 535 348 596 Poenus
363 535 486 614 Appiae
501 535 597 594 limita
611 536 769 614 pervenire
783 536 814 594 in
830 556 937 615 agrum
956 537 1136 596 Romanum

147 675 148 678 ,
228 625 335 694 posset.
377 615 555 695 Oonjuuctis
571 615 756 676 exercitibus
777 616 908 676 dictator
928 637 964 676 ac
986 618 1137 696 magister

195 695 214 757 5
228 696 365 774 equiturn
382 709 481 754 castra
496 696 526 754 in
543 696 626 755 viam
641 695 790 768 deferunt,
806 716 867 774 qua
882 697 1044 757 Hannibal
1059 698 1136 758 duc·

228 784 315 836 turus
329 786 411 848 erat;
432 776 492 836 duo
508 775 578 835 inde
592 775 678 835 milia
692 775 791 835 hostes
805 777 941 838 aberant.

268 854 361 916 XVI.
403 855 527 916 Postera
558 855 607 914 dic
635 855 730 915 Poeni
755 857 836 935 quod
859 857 928 917 viae
952 857 1033 917 inter
1057 856 1136 918 bina

227 947 328 997 castra
351 946 417 996 erat
441 935 563 1014 agmine
587 936 776 1014 conplevere.
817 935 896 997 (lum
918 938 1052 998 Romani
1073 938 1134 998 sub

226 1017 291 1095 ipso
306 1017 509 1076 constitissent
517 1016 611 1088 vallo,
621 1017 697 1076 haut
711 1016 803 1077 dubie
817 1018 961 1096 aequiore
974 1017 1051 1092 loco,
1065 1039 1135 1078 suc·

173 1097 212 1160 10
227 1098 314 1156 cessit
335 1108 437 1156 tamen
459 1097 578 1156 Poenus
600 1117 669 1155 cum
690 1097 841 1175 expeditis
861 1097 1076 1177 equitibusque
1089 1098 1135 1159 ad

226 1176 433 1237 lacessendum
447 1177 573 1237 hostem.
615 1176 753 1255 Carptim
770 1177 864 1236 Poeni
879 1187 910 1236 et
923 1179 1134 1256 procursando

225 1256 458 1336 recipiendoque
478 1277 542 1317 sese
562 1277 755 1335 pugnavere;
778 1259 897 1318 restitit
908 1278 963 1318 suo
981 1259 1057 1320 loco·
1070 1259 1133 1319 Ro-

225 1357 316 1396 mana
330 1337 425 1408 acies;
440 1337 524 1396 lenta
540 1357 642 1416 pugna
655 1347 686 1397 et
701 1358 740 1396 ex
755 1337 912 1398 dictatoris
928 1340 1024 1416 magis
1035 1360 1133 1418 quam

225 1416 412 1477 Hannibalis
439 1418 500 1477 {uit
528 1417 696 1479 voluntate.
739 1417 874 1478 Ducenti
901 1419 941 1478 ab
970 1419 1131 1494 Romanis,

171 1497 210 1560 15
224 1498 391 1576 octingenti
405 1498 536 1557 hostium
551 1498 695 1558 cecidere.

264 1578 404 1637 Inclusus
425 1578 497 1638 inde
517 1578 614 1638 videri
635 1578 806 1652 Hannibal,
821 1579 874 1640 via
894 1580 934 1639 ad
956 1578 1132 1640 Casilinum

223 1658 350 1730 obsessa,
365 1678 434 1718 cum
457 1657 563 1737 Capua
585 1669 615 1718 et
635 1659 794 1720 Samnium
808 1669 839 1719 et
853 1670 973 1721 tantum
988 1661 1028 1719 ab
1043 1672 1131 1742 tergo

223 1738 355 1799 divitum
379 1739 528 1798 sociorum
558 1739 704 1799 Romanis
731 1752 907 1799 conmeatus
935 1739 1129 1816 subveheret,

223 1819 342 1878 Poenus
371 1819 451 1878 inter
479 1818 645 1878 Formiana
679 1840 754 1880 saxa
782 1840 819 1879 ac
848 1819 968 1880 Literni
997 1821 1129 1884 harenas

169 1899 208 1961 20
222 1910 389 1978 stagnaque
410 1909 440 1959 et
460 1899 654 1978 perhorridas
677 1901 771 1960 silvas
796 1899 1013 1961 hibernaturus
1034 1913 1129 1976 esset;

221 1999 276 2039 nec
291 1979 501 2038 Hannibalem
516 1980 634 2052 l'et'ellit,
649 1981 711 2040 suis
724 2001 756 2040 se
771 1980 888 2041 artibus
902 1982 973 2060 peti.
1017 1980 1129 2062 ltaque

221 2081 292 2119 cum
314 2080 368 2138 per
389 2059 560 2120 Casilinum
581 2061 710 2120 evadere
731 2081 792 2120 non
814 2057 923 2140 posset,
943 2063 1129 2142 petendique

221 2151 337 2200 montes
352 2150 382 2200 et
392 2141 501 2218 jugum
516 2139 688 2201 Calliculae
701 2142 907 2220 superandum
919 2153 1002 2213 esset,
1015 2144 1128 2204 necubi

221 2219 378 2280 Romanus
409 2221 561 2280 inclusum
589 2221 725 2282 vallibus
759 2242 869 2300 agmen
897 2222 1127 2300 adgrederetur,

168 2299 207 2361 25
222 2301 390 2360 ludibrium
410 2303 565 2360 oculorum
588 2301 686 2380 specie
708 2303 845 2362 terribile
858 2302 899 2362 ad
913 2304 1128 2364 frustrandum

220 2382 335 2441 hostem
353 2394 550 2455 commentus
563 2383 715 2460 principio
730 2384 827 2442 noctis
843 2383 950 2441 furtim
963 2385 1129 2446 succedere

220 2463 259 2521 ad
276 2472 392 2534 montes
410 2461 527 2522 statuit.
570 2462 704 2521 Fallacia
725 2462 843 2522 consilii
865 2462 936 2522 talis
956 2475 1128 2542 apparatus

220 2543 297 2602 fuit:
320 2546 400 2601 l'aces
415 2543 550 2620 undiquc
564 2562 603 2601 ex
618 2544 699 2620 agris
719 2542 876 2602 conlectae
893 2543 1047 2622 fascesque
1065 2546 1128 2606 vir·

219 2643 327 2702 garum
359 2632 451 2700 atque
479 2623 557 2681 aridi
584 2623 727 2682 sarmenti
749 2623 960 2701 praeligantur
980 2625 1127 2688 cornibus

166 2701 206 2764 30
222 2711 323 2776 bourn,
337 2723 411 2782 qnos
434 2703 564 2762 domitos
585 2703 807 2782 indomitosque
827 2703 937 2763 multos
952 2703 1033 2762 inter
1045 2717 1127 2766 cete·

219 2805 285 2842 ram
299 2796 448 2863 agrestem
462 2783 609 2862 praedam
625 2782 743 2861 agebat.
785 2782 837 2843 Ad
852 2783 913 2842 duo
928 2784 1015 2844 milia
1029 2784 1127 2848 ferme

219 2863 312 2924 boum
335 2866 458 2936 ell'ecta3
487 2863 738 2942 Hasdrubalique
762 2864 919 2941 negotium
945 2865 1063 2938 datum,
1089 2877 1127 2928 ut

218 2958 307 3005 noete
334 2945 366 3003 id
394 2956 567 3004 armentum
603 2946 735 3004 accensis
771 2943 913 3004 cornibus
932 2945 980 3003 ·ad
1010 2949 1125 3008 montis

218 3034 331 3104 ageret,
345 3026 487 3097 maxime,
508 3024 533 3083 si
554 3033 661 3103 posset,
682 3045 773 3103 super
793 3025 889 3084 saltus
910 3023 950 3084 ab
971 3025 1058 3085 hoste
1079 3027 1125 3087 in-

164 3105 202 3164 35
216 3125 317 3165 sessos.
843 3115 845 3120 '

257 3185 369 3244 XVII.
412 3184 523 3244 Primis
559 3185 691 3244 tenebris
725 3185 846 3246 silentio
882 3195 965 3246 mota
999 3197 1123 3262 castra;

217 3262 308 3322 boves
332 3264 490 3341 aliquanto
518 3277 592 3323 ante
619 3266 706 3342 signa
734 3267 803 3325 acti.
846 3265 912 3326 Ubi
936 3267 976 3326 ad
1001 3268 1123 3330 radices

216 3343 365 3401 montium
387 3346 518 3421 viasque
533 3360 677 3421 angustas
698 3349 823 3405 ventum
849 3353 902 3418 est,
924 3348 1046 3424 signum
1064 3369 1122 3408 ex-

215 3422 329 3499 templo
350 3421 450 3493 datur,
472 3431 506 3481 ut
526 3425 658 3486 accensis
677 3426 821 3484 cornibus
849 3435 990 3488 armenta
1010 3429 1045 3488 in
1066 3430 1121 3502 sd·
