2568 3782
387 233 519 282 arnan
544 235 656 300 xx11,
687 219 815 283 14-15.
1039 221 1102 286 159

185 387 263 452 XV.
305 388 423 452 Fabius
447 393 562 471 pariter
586 393 618 453 in
642 413 710 453 suos
730 392 815 454 haud
836 395 936 455 minus
957 416 1049 475 quam

146 471 179 531 in
203 471 298 532 hostis
323 472 468 545 intentus,
490 475 574 552 prius
595 473 634 534 ab
655 473 717 534 illis
738 474 886 534 invictum
912 476 1050 536 animum

147 560 290 631 praestat.
335 553 529 632 Quamquam
542 554 635 633 probe
648 555 714 626 scit,
727 555 830 614 nonin
842 557 1048 617 castrisnrodo

146 632 217 706 suis,
238 632 291 692 sed
312 633 377 711 jam
398 633 490 693 etiam
514 634 631 694 Romae
651 634 797 695 infamem
818 656 905 696 suam
926 649 1049 698 cuncta·

146 713 261 773 tionem
290 733 361 786 esse,
390 713 559 774 obstinatus
585 724 687 775 tamen
716 723 819 775 tenore
847 717 952 776 eodem
980 737 1049 777 con·
1083 717 1103 780 5

146 792 285 852 siliorum
313 794 436 853 aestatis
463 795 614 873 reliquum
643 797 790 868 extraxit,
815 805 850 856 ut
878 796 1048 871 Hannibal,

147 872 311 933 destitutus
331 873 371 933 ab
391 894 445 952 spe
465 895 583 936 summa
604 895 660 954 ope
680 876 769 955 petiti
789 877 972 952 certaminis,
982 878 1048 957 jam

146 952 282 1013 hibernis
303 953 407 1014 locum
421 954 695 1034 circumspectaret,
709 956 782 1035 quia
803 976 839 1017 ea
859 958 943 1036 regio
965 978 1049 1037 prae·

146 1034 237 1094 sentis
259 1042 324 1094 erat
345 1035 459 1112 copiae,
474 1056 534 1095 non
554 1047 726 1116 perpetuae,
742 1036 868 1096 arbusta
883 1039 1047 1117 vineaeque

147 1123 177 1189 et
201 1115 318 1174 consita
342 1115 446 1174 omnia
472 1118 569 1195 magis
596 1117 729 1176 amoenis
754 1137 846 1196 quam
875 1119 1048 1178 necessariis
1063 1118 1102 1179 10

146 1193 306 1254 fructibus.
356 1194 445 1255 Haec
479 1217 533 1275 per
567 1197 773 1275 exploratores
807 1197 905 1258 relata
939 1197 1046 1259 Fabio.

147 1273 225 1334 Cum
247 1275 320 1335 satis
340 1277 440 1349 sciret,
461 1297 516 1356 per
541 1278 662 1337 easdem
685 1278 850 1356 angustias,
872 1278 983 1356 quibus
1004 1279 1048 1338 in·

146 1363 284 1416 traverat
310 1355 478 1416 Falernum
506 1378 623 1436 agrum,
651 1357 833 1430 rediturum,
861 1358 1047 1419 Calliculam

146 1446 282 1495 montem
313 1446 343 1496 et
371 1435 539 1497 Casilinum
567 1448 698 1517 occupat
724 1439 850 1499 modicis
878 1440 1046 1518 praesidiis,

146 1536 225 1594 quae
246 1516 319 1576 urbs
339 1517 497 1578 Vulturno
517 1518 644 1579 flumine
665 1519 818 1596 dirempta
840 1519 1006 1580 Falernum
1028 1521 1101 1582 alii

147 1596 305 1676 Campano
326 1617 400 1676 agro
421 1597 559 1672 dividit3.
575 1600 638 1678 ipse
658 1599 742 1678 jugis
762 1599 858 1658 isdem
880 1601 1046 1660 exercitum

147 1677 276 1749 reducit,
297 1677 387 1738 misso
407 1679 601 1757 exploratum
623 1700 693 1740 eum
714 1679 944 1758 quadringentis
967 1680 1048 1759 equi-

147 1756 229 1816 tibus
243 1757 392 1817 sociorum
408 1759 444 1818 L.
460 1759 595 1820 Hostilio
609 1760 764 1820 Mancino.
808 1759 881 1835 Qui,
896 1779 935 1820 ex
956 1760 1048 1821 turba

147 1839 515 1916 juvenum-audientium
542 1861 632 1919 saepe
658 1839 798 1900 ferociter
822 1839 1048 1902 contionantem

146 1919 326 1996 magistrum
354 1921 500 1999 equitum,
521 1941 694 2000 progressus
720 1920 821 2060 primo
847 1919 1048 2000 exploratoris
1062 1921 1102 1982 20

146 1999 247 2076 modo,
268 2013 303 2059 ut
330 2021 369 2060 ex
396 2010 464 2062 tuto
491 2002 699 2080 specularetur
747 2014 852 2075 ostem,
876 2001 931 2060 ubi
954 2021 1048 2080 vagos

146 2080 257 2158 passim
273 2081 423 2158 pervices
445 2081 597 2142 Numidas
610 2082 699 2155 vidit,
716 2081 776 2158 [et]
791 2101 847 2161 per
860 2081 1047 2143 occasionem

146 2161 239 2220 etiam
253 2180 366 2239 paucos
384 2163 506 2236 occidit,
521 2161 676 2242 extemplo
696 2173 862 2241 occupatus
882 2162 1049 2223 certamine

146 2249 191 2302 est
213 2243 343 2314 animus,
362 2243 601 2321 excideruntque
622 2252 783 2322 praecepta
805 2243 970 2315 dictatoris,
984 2242 1047 2322 qui,

146 2331 297 2400 quantum
318 2332 384 2385 tuto
405 2333 505 2402 posset
526 2343 725 2402 progressum,
739 2323 824 2402 prius
838 2323 972 2403 recipere
984 2343 1048 2383 sese
1061 2321 1102 2383 25

147 2405 281 2482 jusserat
296 2423 386 2481 quam
403 2405 435 2462 in
452 2416 646 2482 conspectum
668 2403 799 2463 hostium
814 2403 942 2466 ueniret.
982 2401 1014 2464 N
1017 2424 1049 2463 u·

146 2483 249 2543 midae
269 2482 323 2543 alii
345 2494 436 2564 atque
457 2485 511 2544 alii
533 2492 723 2544 occursantes
744 2484 987 2563 refugientesque
1007 2483 1047 2545 ad

146 2573 263 2634 castra¹
275 2583 370 2644 prope
397 2567 463 2644 ipsa
490 2586 558 2624 cum
583 2564 763 2644 fatigatione
788 2584 933 2644 equorum
955 2573 1048 2643 atque

146 2643 307 2704 hominum
330 2655 514 2724 pertraxere.
556 2643 634 2704 Inde
661 2643 817 2717 Carthalo,
839 2665 930 2724 penes
957 2663 1047 2724 quem

145 2743 266 2787 summa
280 2726 426 2804 equestris
440 2724 559 2804 imperii
574 2734 648 2798 erat,
663 2725 822 2790 concitatis
843 2725 927 2803 equis
947 2724 1047 2785 invec·
1062 2722 1102 2784 30

146 2814 205 2877 tus,
222 2824 301 2878 eum,
317 2807 494 2884 priusquam
509 2807 548 2880 ad
564 2806 733 2885 conjectum
753 2805 807 2865 teli
822 2805 949 2878 veniret,
963 2825 1049 2865 aver-

146 2887 231 2947 tisset
257 2884 359 2958 hostis,
381 2887 514 2964 quinque
538 2885 632 2945 ferme
656 2885 743 2944 milia
766 2885 932 2952 continenti
957 2905 1047 2946 cursu

145 2977 267 3027 secutus
302 2975 346 3026 est
382 2967 534 3045 fugientis.
590 2967 761 3038 Mancinus,
796 2975 957 3044 postquam
991 2986 1047 3026 nee

144 3047 263 3107 hostem
278 3047 419 3107 desistere
432 3047 516 3124 sequi
531 3066 587 3106 neo
607 3067 689 3126 spem
704 3045 785 3106 vidit
800 3045 963 3125 effugiendi
976 3066 1047 3119 esse,

145 3127 322 3188 cohortatus
336 3147 404 3186 suos
418 3127 450 3186 in
467 3127 614 3205 proelium
630 3126 730 3198 rediit,
741 3126 824 3184 omni
840 3126 1047 3204 parte-virium
1062 3123 1102 3183 35

144 3210 245 3286 inpar.
287 3206 396 3286 Itaque
420 3207 483 3286 ipse
507 3216 537 3266 et
558 3206 668 3266 delecti
689 3207 826 3284 equitum
847 3205 1048 3266 circumventi

144 3288 344 3359 occiduntur;
367 3289 459 3347 ceteri
473 3287 565 3346 effuso
580 3307 682 3346 rursus
697 3306 785 3346 cursu
801 3285 889 3345 Cales
904 3285 1047 3363 primum,

144 3367 217 3427 inde
231 3388 325 3447 prope
339 3368 431 3427 inviis
446 3366 576 3426 callibus
590 3367 630 3426 ad
645 3367 823 3425 dictatorem
839 3365 1046 3442 perfugerunt.

184 3447 234 3508 Eo
248 3449 327 3509 forte
337 3449 386 3507 die
397 3446 553 3508 Minucius
567 3465 598 3504 se
610 3445 813 3523 conjunxerat
823 3442 931 3513 Fabio,
941 3442 1049 3503 missus
