2520 3784
441 230 622 294 n1nnn1,
651 213 782 278 22-23.
1066 218 1113 286 30

151 391 256 452 minus'
275 388 398 470 placeat
420 387 520 460 Tullo,
543 387 686 460 dicturos,
707 388 759 448 sed
785 387 913 468 imperio
937 389 1056 471 subigi:

151 493 200 532 res
220 471 386 550 repetitum
407 469 578 542 sevenisse,
595 469 629 528 ni
649 468 827 543 reddantur,
843 469 960 530 bellum
980 471 1059 532 indi·

152 573 220 614 cere
243 554 351 632 jussos
407 550 460 610 Ad
488 549 563 609 haec
592 549 701 609 Tullus
731 549 927 611 “nuntiate’'
956 553 1058 634 iuquit

152 633 248 711 “regi
272 641 383 704 vestro,
407 650 510 708 regem
538 629 714 690 Romanuin
738 630 810 692 deos
833 630 933 694 facere
946 641 1057 708 ¹testes,

151 722 221 776 uter
234 713 321 792 prius
339 712 471 791 populus
488 731 535 770 res
552 719 721 788 repetentes
743 710 859 790 legatos
879 725 1057 793 aspernatus
1091 717 1112 778 5

151 794 312 866 dimiserit,
326 803 362 854 ut
383 794 415 851 iu
437 812 506 851 eum
528 810 631 851 omnes
652 799 799 871 expetant
817 791 942 874 hujusce
956 795 1058 857 clades

151 874 256 935 belli.”

192 955 327 1016 XXIII.
368 955 456 1016 Haec
470 955 616 1016 nuntiant
629 954 754 1014 domum
770 954 896 1018 Albani.
939 955 982 1018 Et
995 957 1057 1019 bel·

150 1035 218 1095 lum
239 1037 394 1116 utrimque
413 1057 533 1096 summa
553 1055 610 1114 ope
631 1035 807 1114 parabatur,
829 1037 916 1098 oivili
939 1038 1056 1100 similli-

151 1137 238 1176 mum
252 1116 343 1189 bello,
359 1135 452 1196 prope
466 1117 547 1176 inter
559 1124 701 1256 pqrentes
722 1126 878 1196 natosque,
893 1117 1055 1198 'frojanam
1071 1120 1111 1183 10

151 1207 315 1276 utramque
335 1196 460 1276 prolem,
476 1217 545 1257 cum
615 1195 735 1258 vinium
756 1196 796 1256 ab
818 1197 919 1278 Troja,
935 1200 975 1260 ab
996 1199 1054 1260 La·

151 1278 237 1337 vinio
252 1277 347 1350 Alba,
361 1276 402 1336 ab
416 1276 608 1337 Albanorum
630 1277 685 1336 stir
708 1297 724 1336 e
738 1297 843 1355 regum
859 1279 980 1340 oriundi
996 1279 1055 1342 Ro-

150 1358 237 1417 mani
250 1367 357 1418 essent.
392 1357 530 1417 Eventus
541 1366 642 1417 tamen
652 1295 726 1416 belli
738 1358 838 1418 minus
852 1359 1054 1420 miserabilem

151 1438 380 1498 dimicationem
400 1437 481 1510 fecit,
502 1437 584 1516 quod
606 1455 662 1498 neo
683 1438 749 1498 acie
771 1448 921 1498 certatum
943 1448 996 1513 est,
1015 1449 1055 1514 et,

150 1519 239 1578 tectis
254 1519 344 1580 modo
358 1518 468 1578 dirutis
479 1517 605 1578 alterius
617 1517 709 1591 urbis,
720 1518 781 1578 duo
793 1519 898 1598 populi
913 1520 945 1578 in
960 1539 1055 1582 unum
1070 1521 1108 1586 15

150 1597 271 1658 confusi
297 1608 376 1659 sunt.
426 1598 543 1659 Albani
571 1599 686 1678 priores
713 1598 829 1678 ingenti
857 1600 994 1660 exercitu
1021 1600 1054 1662 in

150 1699 261 1757 agrum
282 1679 457 1739 Romanum
479 1680 627 1758 impetum
647 1679 753 1740 fecere.
794 1678 903 1740 Castra
922 1679 962 1740 ab
979 1679 1055 1742 urbe

150 1759 235 1818 haud
246 1758 317 1838 plus
327 1760 461 1839 quinque
470 1760 557 1818 milia
565 1779 708 1839 passuum
717 1759 829 1834 locant,
839 1761 918 1822 fossa
928 1761 1055 1822 circum·

150 1839 244 1900 dant:
266 1840 345 1900 fossa
359 1840 474 1901 Cluilia
487 1840 527 1900 ab
542 1841 665 1900 nomIne
679 1840 765 1902 ducis
782 1861 836 1920 per
852 1841 970 1920 aliquot
989 1861 1053 1902 sae·

151 1920 222 1979 cula
232 1941 252 1980 a
274 1921 389 1999 pellata
403 1930 457 1994 est,
468 1921 563 1982 donec
574 1940 646 1981 cum
659 1940 692 1981 re
706 1941 816 1980 nomen
827 1939 946 1999 quoquo
955 1933 1054 1983 vetus·
1067 1920 1108 1984 20

150 2009 215 2060 tate
235 1941 379 2062 alolevit.
421 1999 460 2060 In
481 2002 528 2061 his
550 2002 656 2062 castris
677 2000 818 2074 Cluilius,
833 2001 974 2062 Albanus
988 2022 1053 2075 rex,

150 2081 290 2154 moritur,
300 2081 479 2142 dictatorem
488 2081 605 2142 Albani
616 2081 760 2142 Mettium
771 2081 928 2142 Fufetium
940 2091 1053 2144 creant.

190 2161 321 2221 Interim
335 2161 453 2236 Tullus,
467 2163 555 2222 ferox
571 2162 733 2241 praecipue
753 2169 850 2222 morte
870 2162 957 2240 regis,
972 2182 1054 2241 mag»

150 2261 286 2320 numque
313 2242 439 2303 deorum
466 2263 589 2316 numen,
612 2241 652 2302 ab
674 2243 739 2321 ipso
767 2242 868 2320 capite
890 2262 1000 2315 orsum,
1020 2243 1054 2302 iu

150 2341 239 2380 omne
250 2343 359 2382 nomen
371 2322 530 2383 Albanum
540 2322 746 2402 expetiturum
758 2342 870 2402 poenas
884 2321 923 2382 ob
938 2322 1052 2382 bellum
1067 2319 1107 2385 25

149 2399 281 2480 impium
302 2403 455 2476 dictitans,
476 2412 564 2464 nocte
585 2402 757 2482 praeteritis
782 2403 914 2462 hostium
938 2403 1053 2477 eastris,

60 2529 65 2536 .
150 2481 260 2542 infesto
284 2483 420 2543 exercitu
442 2485 475 2543 in
498 2501 607 2562 agrum
622 2482 781 2543 Albanum
795 2482 903 2562 pergit.
945 2482 994 2544 Ea
1007 2503 1053 2544 res

150 2561 190 2621 ab
210 2562 332 2623 stativis
351 2564 467 2624 excivit
487 2563 641 2624 Mettium.
683 2563 780 2622 Ducit
795 2583 889 2642 quam
905 2583 1053 2642 proxume

150 2642 189 2702 ad
200 2643 318 2703 hostem
329 2653 435 2722 potest.
471 2644 548 2703 Inde
558 2643 694 2722 legatum
704 2645 902 2722 praemissum
911 2644 1054 2705 nuntiare

150 2722 241 2782 Tullo
251 2723 349 2802 jubet,
362 2723 537 2802 priusquam
552 2723 706 2795 dimicent,
719 2743 794 2801 opus
807 2743 871 2782 esse
884 2723 1052 2802 colloquio,
1066 2721 1107 2784 30

148 2803 174 2862 si
195 2823 299 2863 secum
319 2823 495 2881 congressus
515 2803 564 2876 sit,
580 2803 653 2862 satis
672 2803 749 2864 scire
769 2823 857 2863 ease
877 2802 1053 2878 allaturum,

148 2903 228 2962 quae
248 2883 347 2944 nihilo
367 2883 467 2942 minus
490 2882 531 2942 ad
554 2903 618 2942 rein
640 2882 812 2943 Romanam
831 2903 924 2962 quam
943 2883 985 2943 ad
999 2883 1053 2947 Al·

150 2962 262 3023 banam
277 2963 457 3043 pertineant.
500 2962 597 3022 Haud
612 2973 790 3041 aspernatus
805 2962 924 3036 TulluS,
934 2964 1054 3026 tametsi

149 3063 230 3104 vana
240 3045 355 3103 adferri
366 3042 500 3117 rebatur,
510 3043 542 3102 in
553 3044 651 3103 aciem
661 3043 772 3104 educit.
808 3043 1054 3106 Exeuntcontra

149 3132 180 3183 et
192 3123 319 3183 Alba-ni.
1068 3123 1107 3187 36

189 3203 355 3283 Postquam
373 3202 513 3264 instructi
527 3204 679 3282 utrimque
694 3201 827 3278 stabant,
850 3225 920 3264 oum
950 3205 1054 3282 paucis

148 3303 308 3362 procerum
329 3285 363 3344 in
383 3285 519 3344 medium
537 3285 630 3346 duces
650 3285 809 3364 prodeunt.
852 3283 902 3344 Ibi
917 3284 985 3344 infit
999 3284 1055 3344 Al-

150 3363 263 3426 banus:
280 3369 298 3395 “
307 3364 436 3444 injurias
450 3373 482 3424 et
494 3385 557 3424 non
570 3365 704 3426 redditas
718 3385 774 3436 res,
789 3383 828 3423 ex
842 3363 963 3424 foedere
976 3383 1055 3439 quae

149 3445 298 3524 repetitae
307 3445 379 3519 sint,
389 3455 419 3506 et
434 3465 490 3524 ego
503 3464 606 3524 regem
616 3453 755 3504 nostrum
766 3441 916 3504 Cluilium
931 3459 1054 3502 carneam
