2568 3782
170 217 233 280 1¹56
337 231 426 277 τιτι
457 231 553 278 u1V1
583 231 638 279 ΑΒ
668 233 785 282 vasa
815 233 1003 283 conarer

221 389 319 470 posita
334 389 542 467 instructaque
556 388 588 448 in
602 389 718 450 subitos
731 390 890 464 tumultus,
906 400 936 453 et
956 415 1012 464 suo
1033 397 1130 460 militi

222 482 290 532 tuta
310 471 414 531 omnia
433 482 464 529 et
484 471 595 529 infesta
615 471 716 530 ellusis
742 471 873 531 hostium
896 477 1132 554 populatoribus

223 550 406 633 praebebam
428 571 525 629 neque
550 551 690 611 universo
717 552 851 630 periculo
880 575 998 616 summa
1027 579 1130 619 rerum

224 631 480 704 committebatur,
501 641 531 692 et
551 652 648 711 parva
669 642 822 692 momentu
852 634 964 694 levium
991 642 1131 700 certami-

189 714 209 775 5
223 735 296 776 num
311 735 350 774 ex
365 723 432 774 tuto
447 724 632 792 coeptorum,
646 712 776 772 finitimo
798 726 930 794 receptu,
946 719 1131 780 adsuefacie-

224 795 298 856 bant
319 796 458 855 territum
480 793 616 872 pristinis
635 792 776 858 cladibus
799 795 928 855 militem
949 799 1050 860 niiuus
1065 802 1131 880 jam

223 875 346 937 tandem
361 884 416 935 aut
425 875 548 936 virtutis
559 884 614 933 aut
628 874 769 934 fortunae
781 878 936 954 paenitere
946 898 1028 939 suae.
1071 881 1131 942 Sed

222 978 284 1018 non
300 956 508 1016 Hannibalem
524 956 621 1035 magis
642 955 785 1015 iulcstum
809 967 871 1016 tam
893 959 974 1017 sanis
995 961 1131 1022 consiliis

222 1037 356 1098 habebat
377 1058 467 1117 quam
490 1037 666 1116 magistrum
691 1038 838 1116 equitum,
861 1038 914 1116 qui
935 1039 1013 1098 nihil
1035 1041 1130 1114 aliud,

170 1115 210 1178 10
223 1139 315 1197 quam
330 1119 410 1197 quod
426 1119 525 1196 impar
538 1127 604 1177 erat
618 1117 755 1196 imperi0,
771 1138 874 1178 morae
888 1119 928 1178 ad
943 1139 1006 1178 rem
1030 1121 1130 1196 publi-

223 1219 289 1260 cam
314 1199 576 1277 praecipitandam
602 1197 745 1270 habebat,
771 1198 858 1259 ferox
888 1199 1074 1279 rapidusque
1098 1200 1130 1261 in

222 1279 355 1340 consiliis
376 1301 412 1339 ao
433 1279 540 1358 lingua
561 1278 739 1338 inmodicae.
784 1278 887 1339 Primo
907 1279 986 1339 inter
1005 1300 1129 1359 paucos,

222 1360 291 1420 dein
308 1361 464 1439 propalam
480 1362 512 1419 in
527 1360 647 1438 vulgus,
663 1379 718 1437 pro
733 1370 910 1420 cunctatore
927 1380 1059 1439 segnem,
1073 1382 1129 1441 pro

221 1450 310 1501 cauto
325 1441 477 1514 timidum,
492 1440 649 1518 adfingens
661 1439 764 1499 vicina
775 1439 942 1501 virtutibus
957 1441 1042 1513 vitia,
1059 1463 1128 1502 con-

168 1517 212 1579 15,
221 1521 366 1599 pellabat,
380 1521 604 1600 premendoque
618 1519 813 1598 superiorem,
828 1539 907 1598 quae
928 1521 1058 1601 pessima
1079 1543 1128 1582 ars

220 1602 310 1660 nimis
325 1602 475 1681 prosperis
489 1600 656 1662 multorum
671 1600 857 1660 successibus
871 1602 977 1674 crevit,
992 1621 1056 1662 sese
1076 1623 1126 1664 ex·

220 1681 356 1742 tollebat.

259 1762 355 1824 XllI.
397 1761 558 1823 Hannibal
573 1783 611 1822 ex
628 1761 771 1841 Hirpinis
786 1760 818 1820 in
833 1759 992 1822 Samnium
1004 1762 1125 1837 transit,

220 1842 468 1903 Beneventanum
491 1843 695 1922 depopulatur
716 1862 833 1921 agrum,
849 1841 996 1902 Telesiam
1018 1843 1126 1904 urbem

167 1920 206 1982 20
220 1924 311 2002 capit,
326 1923 433 1983 inritat
453 1925 545 1984 etiam
567 1925 606 1984 de
626 1923 778 1983 industria
799 1923 917 1996 ducem,
931 1924 957 1982 si
978 1922 1057 1983 forte
1077 1944 1126 1984 ac·

217 2024 339 2063 censum
377 2010 423 2062 tot
464 2001 696 2080 indignitatibus
737 2022 770 2060 ac
804 1999 942 2061 cladibus
976 2001 1128 2062 sociorum

217 2083 375 2143 detrahere
394 2082 433 2142 ad
449 2102 555 2141 aecum
576 2091 727 2140 certamen
741 2081 842 2160 possit.
884 2080 969 2142 Inter
989 2081 1129 2143 multitu·

221 2161 323 2219 dinem
337 2161 485 2219 sociorum
501 2159 603 2219 Italici
617 2160 744 2238 generis,
761 2159 813 2237 qui
828 2157 868 2217 ad
882 2157 1126 2218 Trasumennum

131 2275 133 2282 ,
221 2240 303 2318 capti
317 2240 356 2299 ab
372 2239 550 2300 Hannibale
564 2239 739 2319 dimissique
754 2240 884 2311 lucrant,
900 2249 960 2298 tres
974 2238 1126 2318 Campani

168 2320 445 2398 aequauerant,
462 2320 565 2380 multis
576 2321 640 2399 jam
655 2329 721 2379 tum
737 2319 842 2378 inlecti
857 2319 943 2378 donis
959 2321 1126 2397 promissis-

220 2420 279 2478 que
292 2400 480 2460 Hannibalis
495 2401 534 2460 ad
550 2400 757 2460 conciliandos
780 2398 974 2478 popularium
997 2399 1125 2459 animos.

220 2481 266 2540 Hi
291 2481 475 2552 nuntiantes
496 2481 522 2540 si
546 2481 578 2539 in
602 2480 804 2558 Campaniam
829 2479 996 2538 exercitum
1022 2480 1125 2539 admo

219 2561 320 2634 visset,
336 2560 459 2640 Capuae
473 2560 634 2639 potiendae
649 2560 767 2638 copiam
783 2558 856 2632 fore,
871 2579 939 2619 cum
959 2579 1007 2618 res
1028 2561 1127 2652 major

219 2662 312 2720 quam
333 2651 470 2701 auctores
490 2650 574 2713 asset,
597 2640 726 2700 dubium
751 2639 962 2699 Hannibalem
987 2639 1124 2699 alternis·

166 2722 205 2784 30
219 2742 278 2800 que
299 2721 443 2782 fidentem
462 2742 498 2782 ac
519 2721 706 2781 diffidentem
728 2729 830 2780 tamen
846 2731 880 2779 ut
894 2719 1066 2798 Campanos
1086 2740 1125 2780 ex

219 2803 345 2862 Samnio
372 2812 488 2881 peteret
522 2810 692 2861 moverunt.
734 2800 868 2861 Monitos
903 2801 995 2859 etiam
1031 2809 1124 2880 atque

219 2883 311 2942 etiam
333 2892 368 2942 ut
388 2882 535 2962 promissa
555 2882 645 2942 rebus
666 2881 872 2954 adfirmarent,
883 2881 1040 2960 jussosque
1055 2901 1125 2940 cum

241 2963 359 3023 laribus
374 2973 404 3023 et
418 2963 572 3043 aliquibus
586 2963 761 3041 principum
777 2961 874 3021 redire
889 2961 983 3033 adse,
998 2960 1123 3021 dimisit.

218 2984 289 3122 lpse
304 3044 433 3123 imperat
455 3044 526 3103 duci
548 3053 582 3102 ut
603 3063 633 3102 se
654 3043 686 3101 iu
708 3062 816 3120 agrum
831 3040 1005 3102 Casinatem
1021 3041 1124 3113 ducat,

165 3123 205 3184 35
219 3124 374 3182 edoctusa
391 3123 494 3201 peritis
509 3123 675 3200 regionum,
685 3122 710 3180 si
725 3142 794 3180 eum
809 3121 922 3181 saltum
938 3131 1124 3199 occupasset,

218 3202 336 3262 exitum
358 3202 497 3262 Romano
519 3203 558 3261 ad
580 3223 667 3279 opem
688 3201 846 3261 ferendam
870 3202 959 3261 sociis
981 3201 1125 3260 interclu-

218 3301 340 3352 surum;
360 3281 412 3340 sed
434 3280 587 3340 Punicum
600 3281 775 3340 abhorrens
799 3281 839 3341 ab
863 3281 1049 3341 Latinorum
1074 3301 1126 3340 no

220 3362 336 3420 minum
365 3361 629 3437 pro[nuntiatione
656 3381 697 3430 os,
722 3357 909 3438 Casilinum]
932 3381 986 3439 pro
1013 3361 1125 3421 Casino

219 3439 284 3498 dux
299 3447 333 3498 ut
347 3439 499 3517 acciperet
513 3439 593 3512 lecit,
608 3459 791 3517 aversusque
811 3440 850 3500 ab
871 3458 925 3501 suo
947 3441 1057 3500 itinere
1070 3459 1125 3520 per
