2568 3782
163 223 226 288 120
327 239 417 285 τιτι
445 203 626 287 arvina
655 239 770 287 vanu
800 241 994 289 connire

214 395 254 456 ab
281 403 365 474 tergo
393 395 550 468 exercitus,
581 397 644 476 qul,
672 397 730 458 nisi
764 415 818 457 uos
846 395 1006 469 vincimus,
1037 398 1119 460 hosti

215 475 350 547 obsistat,
375 495 430 535 nec
451 474 547 554 Alpes
575 477 654 537 aliae
681 484 760 548 sunt,
783 495 857 555 quas
879 476 950 536 dum
972 489 1120 557 superant

215 556 375 632 conparari
391 575 471 616 nova
485 556 601 634 possint
615 557 783 634 praesidia:
800 556 851 616 hic
866 567 911 616 est
925 557 1120 632 obstandum,

119 667 126 676 ·
164 667 182 682 ιν
215 635 336 707 milites,
361 635 447 696 velut
473 635 499 695 si
527 645 598 696 aute
626 635 767 696 Romana
794 637 913 698 moenia
940 659 1120 717 pugnemus.

182 717 201 777 ὅ
215 713 305 776 Unus
320 715 446 794 quisque
466 735 497 775 se
511 736 571 776 non
587 736 695 796 corpus
716 735 814 786 suum,
829 717 880 776 sed
901 719 1060 797 conjugem
1082 741 1121 780 ac

215 795 326 855 liberos
340 815 450 874 parvos
464 796 556 856 armis
571 805 728 876 protegere
742 804 846 874 putet;
867 818 922 858 nec
940 799 1121 860 domesticas

215 874 313 936 solum
328 876 424 953 agitet
438 895 535 948 curae,
550 876 601 936 sed
617 875 783 936 identidem
797 875 855 938 hoc
872 879 974 937 animo
988 891 1120 958 reputet,

111 1015 113 1019 ,
215 964 333 1015 nostras
360 976 451 1036 nunc,
470 957 581 1016 intueri
611 977 719 1016 manus
745 966 883 1018 senatum
911 958 1122 1038 populumque

215 1035 406 1096 Romanum:
429 1037 528 1115 qualis
549 1037 712 1099 nostratis
728 1037 883 1117 virtusque
903 1039 1004 1112 fuerit,
1024 1041 1120 1100 talem

163 1118 202 1180 10
215 1116 326 1256 poinde
356 1117 512 1177 fortunam
547 1115 630 1177 illius
658 1117 743 1178 urbis
770 1137 806 1178 ac
834 1119 966 1178 Romani
995 1120 1120 1199 imperii

227 1217 286 1257 ore.

199 1285 222 1321 Ψ
256 1275 362 1337 XLII.
405 1277 493 1338 Haec
519 1287 594 1358 aput
619 1277 772 1340 Romanos
797 1278 911 1339 consul.
954 1278 1120 1340 Hannibal

216 1357 306 1416 rebus
326 1359 410 1436 prius
432 1377 524 1437 quam
544 1360 644 1420 verbis
665 1359 870 1420 adhortandos
891 1359 1002 1420 milites
1025 1371 1121 1433 ratus,

217 1437 404 1498 circumdato
426 1439 465 1499 ad
486 1439 693 1518 spectaculum
715 1441 860 1511 exercitu,
876 1440 1012 1518 captivos
1034 1461 1120 1500 mon-

165 1518 203 1580 15
216 1527 304 1578 tanos
330 1519 449 1579 vinctos
477 1520 508 1578 in
537 1521 636 1580 medio
663 1520 781 1593 statuit,
808 1520 959 1598 armisque
987 1519 1119 1582 Gallicis
1207 1521 1210 1530 ’

217 1599 399 1679 antepedes
420 1619 523 1660 eorum
545 1600 693 1679 projectis,
716 1600 901 1678 interrogare
922 1601 1119 1680 interpretem

218 1681 318 1760 jussit,
333 1681 443 1760 ecquis,
454 1681 479 1740 si
491 1681 622 1742 vinculis
636 1680 791 1741 levaretur
803 1700 949 1758 armaque
962 1691 992 1742 et
1006 1701 1119 1760 equum

218 1761 317 1822 victor
343 1763 502 1840 acciperet,
531 1761 685 1821 decertare
713 1761 792 1820 ferro
820 1743 1049 1845 velletssCum
1078 1762 1118 1822 ad

218 1861 312 1902 unum
328 1861 431 1902 omnes
444 1841 558 1901 ferrum
574 1859 767 1920 pugnamque
785 1845 942 1920 poscerent
956 1850 985 1900 et
1000 1841 1119 1920 dejecta

165 1923 205 1985 20
219 1921 251 1980 in
266 1921 297 1980 id
312 1941 374 1982 sors
388 1931 473 1994 esset,
484 1943 515 1981 se
529 1921 654 2000 quisque
668 1941 738 1980 eum
749 1919 882 1998 optabat,
894 1940 981 1999 quem
994 1921 1120 1980 fortuna

211 2000 243 2059 in
270 2000 301 2059 id
330 2009 481 2060 certamen
515 1998 635 2077 legeret,
664 2009 702 2070 et,
730 2007 763 2058 ut
791 2001 936 2078 cujusque
969 2020 1032 2060 sors
1068 2023 1118 2060 ex-

210 2079 333 2151 ciderat,
361 2081 470 2150 alacer,
498 2079 576 2138 inter
604 2080 792 2159 gratulantes
826 2079 937 2158 gaudio
965 2080 1116 2154 exultans,

218 2178 288 2219 curn
302 2159 349 2219 sui
363 2160 454 2220 moris
472 2157 615 2238 tripudiis
635 2178 720 2219 arma
735 2157 846 2238 raptim
861 2156 1009 2236 capiebat.
1053 2156 1117 2220 Ubi

218 2259 290 2301 vero
305 2240 493 2311 dimicarent,
509 2242 534 2300 is
548 2239 670 2299 habitus
689 2239 860 2298 animorum
874 2257 934 2296 non
950 2236 1028 2296 inter
1043 2237 1118 2317 ejus·

165 2321 204 2384 25
218 2319 287 2380 dem
308 2320 397 2379 modo
418 2320 604 2380 condicionis
625 2319 761 2378 homines
776 2326 850 2388 erat,
865 2317 916 2376 sed
931 2317 1021 2376 etiam
1037 2317 1118 2378 inter

206 2409 387 2478 spectantes
411 2402 513 2478 vulgo,
539 2410 573 2461 ut
598 2419 659 2460 non
684 2397 874 2459 vincentium
901 2397 997 2476 magis
1025 2417 1117 2476 quam

217 2478 294 2540 bene
314 2480 507 2539 morientium
528 2481 651 2541 fortuna
670 2479 858 2542 laudaretur.

258 2559 384 2620 XLIII.
427 2560 505 2620 Cum
533 2561 575 2620 sic
603 2561 721 2640 aliquot
748 2558 889 2638 spectatis
916 2557 1040 2636 paribus
1065 2559 1117 2618 ad·

217 2640 310 2700 factos
331 2640 501 2714 dimisisset,
527 2642 666 2702 contione
695 2639 766 2700 inde
794 2639 943 2700 advocata
971 2637 1014 2698 ita
1042 2649 1118 2718 aput

164 2721 267 2784 30eos
295 2719 413 2780 locutus
442 2722 554 2781 fertur:
585 2722 646 2794 “si,
675 2741 763 2800 quem
790 2720 925 2778 animum
947 2719 979 2776 in
1000 2717 1117 2778 alienae

216 2801 304 2860 sortis
319 2801 458 2880 exemplo
473 2801 566 2880 paulo
581 2811 652 2861 ante
666 2799 825 2872 habuistis,
841 2799 970 2859 eundem
991 2818 1062 2858 mox
1084 2799 1115 2857 in

216 2881 405 2941 aestimanda
415 2883 537 2941 fortuna
546 2881 833 2952 vestrahabueritis,
843 2880 981 2951 vicimus,
991 2879 1116 2950 milites;

216 2981 314 3040 neque
335 2963 415 3022 enim
436 2961 641 3040 spectaculum
669 2962 757 3020 modo
783 2961 869 3032 illud,
891 2959 943 3018 scd
968 2959 1117 3036 quaedam

216 3039 314 3102 veluti
341 3043 441 3121 imago
470 3050 588 3102 vestrae
616 3041 801 3100 condicionis
829 3049 901 3098 erat.
945 3037 993 3098 Ao
1017 3041 1116 3099 nescio

164 3119 256 3181 35an
291 3123 406 3200 majora
433 3121 559 3182 vincula
593 3122 779 3198 majoresque
814 3119 1004 3178 necessitates
1032 3119 1117 3178 vobis

216 3219 308 3278 quam
323 3202 451 3280 captivis
463 3200 570 3260 vestris
585 3199 707 3260 fortuna
722 3200 962 3260 circumdederit.
999 3199 1116 3258 Dextra

216 3277 364 3360 laevaque
378 3281 438 3340 duo
452 3281 550 3340 marla
564 3279 722 3352 claudunt,
734 3279 851 3338 nullam
866 3299 904 3338 ne
918 3281 957 3342 ad
972 3280 1117 3358 eflirginm

216 3359 339 3438 quidem
354 3379 464 3420 navem
480 3358 644 3429 habentes3
667 3359 748 3417 circa
770 3359 872 3418 Padus
892 3361 1000 3432 amnis,
1023 3361 1118 3438 major

218 3439 350 3516 [Padus]
386 3459 422 3498 ac
449 3437 611 3498 violentior
646 3437 807 3509 Rhodano,
836 3437 876 3498 ab
908 3449 994 3516 tergo
1021 3439 1118 3518 Alpes
