2562 3788
160 191 226 256 202
331 206 421 251 rrrr
448 205 544 254 n1v1
570 205 625 251 aa
651 204 766 252 vaae
795 201 986 250 ooanrrn

211 373 277 426 tum
297 385 336 425 ex
357 362 440 424 omni
461 371 561 424 aetate
581 370 612 423 et
632 361 757 422 fortuna
777 360 912 433 habetis3
937 373 1005 422 octo
1026 360 1117 426 milia

210 465 365 506 servorum
379 443 471 503 audio
486 444 608 504 armari.
650 443 680 502 N
683 463 721 502 on
736 442 835 501 minor
848 463 992 503 numerus
1011 455 1116 506 noster

210 535 262 598 est,
272 545 328 585 nec
342 525 455 603 majore
469 525 566 603 pretio
577 523 686 584 redimi
697 543 854 602 possumus
865 545 956 602 qnam
971 525 995 584 ii
1010 545 1115 585 emun-

209 614 276 678 tur;
298 626 370 665 nam
384 606 410 664 si
424 604 577 664 conferam
590 625 645 665 nos
659 625 729 664 cum
743 604 814 677 illis,
829 605 974 684 injuriam
993 607 1115 665 nomini

128 685 129 688 ’
175 686 350 748 liRomano
371 685 491 746 faciam.
533 684 619 744 Illud
644 686 737 746 etiam
761 684 794 743 in
819 685 877 745 tali
900 685 1026 746 consilio
1048 686 1113 747 ani·

208 766 461 827 madvertendum
482 766 568 828 vobis
590 786 735 838 censeam,
757 774 858 845 patres
886 765 1061 845 conscripti,
1085 767 1112 826 si

208 847 274 925 jam
296 847 431 907 duriores
452 867 513 908 esse
534 847 644 919 velitis,
665 847 746 926 quod
767 845 854 906 nullo
875 855 976 906 nostro
1002 847 1111 908 merito

206 927 335 1001 iacietis,
358 927 408 988 cui
429 947 482 988 nos
504 928 584 988 hosti
605 927 742 988 relicturi
764 927 838 988 sitis.
881 925 1002 1006 Pyrrho
1025 926 1111 988 vide·

206 1007 286 1081 licet,
309 1008 363 1088 qui
386 1008 541 1087 hospitum
568 1028 694 1068 numero
720 1008 857 1087 captivos
884 1006 1014 1067 habuit?
1055 1007 1110 1068 An

152 1089 191 1153 10
206 1087 335 1150 barbaro
356 1108 392 1149 ac
414 1088 524 1162 Poeno,
545 1089 599 1168 qui
623 1097 728 1150 utrum
751 1089 873 1150 avarior
893 1107 933 1147 an
955 1088 1111 1150 crudelior

203 1169 253 1240 sit,
268 1169 323 1230 vix
337 1170 507 1230 existimari
520 1171 639 1249 potest?
681 1169 715 1230 si
728 1169 858 1232 videatis
872 1177 1004 1243 catenas,
1017 1191 1108 1249 squa-

203 1247 307 1323 lorem,
332 1250 555 1312 deformitatem
580 1251 695 1311 civium
715 1259 894 1323 vestrorum,
919 1270 981 1310 non
1005 1252 1108 1312 minus

202 1330 337 1408 profecto
357 1351 411 1392 vos
432 1351 469 1391 ea
488 1331 602 1410 species
626 1339 758 1403 moveat,
779 1351 872 1409 quam
895 1331 921 1390 si
943 1351 983 1391 ex
1007 1331 1107 1394 altera

202 1419 289 1488 parte
313 1412 443 1471 cernatis
466 1420 577 1472 stratas
601 1410 813 1473 Cannensibus
836 1412 952 1491 campis
972 1412 1107 1492 legiones

148 1491 187 1554 15
201 1500 324 1552 vestras.
366 1491 486 1552 Intueri
506 1493 630 1571 potestis
653 1491 890 1553 sollicitudinem
911 1502 941 1553 et
961 1491 1105 1556 lacrimas

200 1571 233 1630 in
248 1571 398 1634 vestibulo
419 1572 522 1633 curiae
541 1573 690 1634 stantium
710 1583 910 1652 cognatorum
930 1583 1105 1636 nostrornm

199 1653 502 1731 exspectantiumque
521 1673 699 1732 responsum
718 1663 861 1715 vestrum.
904 1653 981 1714 Cum
1003 1655 1027 1714 ii
1047 1676 1104 1736 pro

199 1730 286 1792 nobis
306 1753 422 1811 proque
442 1733 479 1792 iis
500 1734 553 1812 qui
574 1733 686 1794 absunt
706 1734 751 1795 ita
770 1735 905 1814 suspensi
924 1756 959 1796 ac
978 1735 1104 1797 solliciti

198 1812 268 1884 sint,
283 1833 374 1891 quem
388 1813 515 1874 censetis
535 1814 673 1874 animum
690 1814 824 1894 ipsorum
838 1836 909 1890 esse,
924 1836 1055 1895 quorum
1069 1819 1102 1878 in

145 1891 184 1954 20
199 1892 372 1953 discrimine
387 1895 451 1955 vita
469 1893 658 1974 libertasque
679 1897 744 1956 est?
785 1895 827 1970 Si,
841 1918 890 1957 me
910 1897 978 1957 dius
999 1898 1101 1973 fidius,

197 1972 261 2053 ipse
275 1973 308 2033 in
322 1994 376 2034 nos
390 1974 472 2034 mitis
487 1974 649 2035 Hannibal
661 1986 767 2037 contra
781 1987 923 2038 naturam
937 1999 1024 2040 suam
1039 2000 1102 2041 osse

196 2053 281 2128 velit,
302 2054 382 2114 nihil
408 2064 511 2116 tamen
534 2055 621 2116 nobis
643 2057 709 2118 vite
734 2077 808 2136 opus
830 2079 892 2120 esse
916 2081 1101 2136 censeamus,

197 2154 266 2193 cum
290 2135 412 2214 indigni
436 2145 471 2196 ut
494 2136 713 2197 redimeremur
736 2139 784 2214 [a]
808 2140 895 2201 vobis
916 2142 974 2202 visi
996 2143 1100 2204 simus.

197 2213 327 2276 Rediere
355 2215 486 2276 Romam
513 2217 668 2297 quondam
695 2219 814 2280 remissi
840 2241 859 2280 a
887 2220 1007 2300 Pyrrho
1034 2225 1101 2284 sine

143 2293 182 2354 25
195 2296 292 2373 pretio
320 2297 420 2375 capti;
447 2297 500 2357 sed
526 2298 644 2358 rediere
671 2320 742 2360 oum
770 2299 888 2379 legatis,
915 2303 1102 2383 primoribus

196 2375 339 2449 civitatis,
354 2377 395 2438 ad
409 2377 600 2439 redimendos
619 2399 683 2440 sese
695 2381 801 2441 missis.
845 2382 979 2444 Redeam
994 2406 1051 2464 ego
1066 2387 1100 2446 in

195 2456 327 2534 patriam
355 2459 498 2519 trecentis
526 2459 660 2526 nummis
694 2481 755 2521 non
789 2463 966 2525 aestimatus
1000 2467 1100 2528 civis?

194 2536 290 2596 Suum
331 2539 457 2618 quisque
499 2539 581 2600 lubet
624 2541 771 2616 animum,
796 2553 896 2622 patres
924 2546 1098 2627 conscripti.

194 2615 264 2677 Soio
291 2617 323 2677 in
353 2619 527 2680 discrimine
554 2640 617 2680 esse
643 2621 748 2683 vitam.
775 2644 944 2704 corpusque
977 2647 1098 2700 meum;

141 2696 180 2758 30
194 2698 291 2776 magis
312 2719 360 2758 me
381 2700 481 2760 famae
501 2701 672 2779 periculum
693 2712 804 2778 movet,
819 2725 857 2766 ne
874 2705 993 2767 avobis
1013 2707 1100 2768 dam-

193 2778 259 2838 nati
286 2799 323 2838 ac
351 2780 464 2858 repulsi
493 2781 654 2854 abeamus;
682 2803 781 2863 neque
808 2786 890 2846 enim
917 2807 970 2848 vos
997 2789 1099 2866 pretio

193 2859 360 2938 pepercisse
381 2859 517 2920 homines
538 2862 689 2923 credent.'’
1073 2905 1076 2912 ι

233 2939 304 3000 LX.
346 2938 411 3000 Ubi
436 2941 461 3001 is
483 2941 575 3002 finem
599 2941 680 3016 fecit,
701 2945 855 3025 extemplo
877 2946 917 3007 ab
938 2967 974 3008 ea
995 2949 1088 3010 turba

192 3040 270 3098 quae
298 3020 331 3079 in
358 3021 480 3082 comitio
508 3031 582 3094 erat,
605 3023 720 3084 clamor
747 3025 856 3088 flebilis
880 3037 925 3088 est
947 3027 1097 3104 sublatus,

139 3099 178 3158 35
192 3119 360 3178 manusque
373 3101 414 3160 ad
429 3102 546 3160 curiam
561 3104 727 3166 tendebant
743 3117 872 3181 orantes,
887 3118 923 3168 ut
942 3108 1001 3168 sibi
1022 3110 1097 3171 libe·

191 3199 248 3250 ros
273 3179 391 3250 fratrea,
419 3191 563 3258 cognatos
591 3185 761 3246 redderent.
803 3186 947 3248 Feminae
975 3209 1097 3269 quoque

191 3269 287 3316 metus
301 3277 338 3316 ac
352 3261 513 3318 necessitas
528 3261 560 3318 in
574 3261 642 3322 foro
655 3264 763 3324 turbae
778 3267 915 3328 virorum
935 3269 1097 3331 inmiscue·

189 3344 246 3392 rat.
288 3335 416 3394 Senatus
430 3337 577 3398 submotis
597 3341 721 3402 arbitris
736 3347 853 3405 consuli
868 3358 1001 3428 coeptus.
1045 3350 1096 3412 Ibi

190 3431 260 3471 cum
274 3415 431 3473 sententiis
445 3417 630 3492 variaretur,
641 3429 672 3480 et
692 3422 747 3482 alii
767 3424 959 3490 redimendos
980 3429 1020 3490 de
1039 3450 1096 3510 pu·
