2568 3782
414 235 547 282 meaa
572 181 687 302 xx11,
708 219 835 285 28-29.
1055 221 1120 288 173

166 394 245 455 ferto
265 393 387 474 agmine
401 395 497 455 mittit
510 395 641 474 equites;
664 404 822 475 postremo,
838 415 907 455 cum
928 396 1066 457 hostibus

166 495 287 554 quoque
310 475 446 534 subsidia
471 476 549 535 mitti
572 477 698 548 videret,
721 477 876 536 instructis
897 476 1066 554 legionibus

166 556 311 634 procedit.
354 555 398 614 Et
413 555 582 629 Hannibal,
596 556 804 617 laborantibus
819 558 880 616 suis
895 558 957 616 alia
976 567 1067 636 atquo

166 635 237 708 alia,
260 643 412 696 crescente
439 638 611 709 certamine,
633 638 756 696 mittens
784 637 903 697 auxilia
929 639 1066 716 peditum

165 717 372 794 equitumque,
389 717 454 794 jam
474 717 590 797 justam
614 718 792 797 expleverat
812 718 918 790 aciem,
939 739 975 778 ao
996 719 1066 778 totis
1101 720 1121 782 δ

166 796 319 874 utrimque
346 796 463 857 viribus
491 807 633 857 certatur.
676 797 781 858 Prima
808 798 884 859 levis
911 811 1067 859 armatura

164 873 381 946 Romanorum,
401 885 656 954 praeoccupatum
685 897 719 934 ca
745 875 886 935 inferiore
913 875 978 936 loco
1008 896 1075 936 suc·

164 953 270 1013 cedens
284 954 446 1026 tumulum,
461 954 549 1033 pulsa
564 955 744 1032 detrusaque
760 964 903 1014 terrerem
921 956 953 1014 in
973 956 1073 1016 subse·

162 1042 304 1108 quantem
317 1033 423 1091 intulit
434 1034 565 1111 equitem
579 1042 610 1092 et
624 1033 663 1092 ad
677 1035 763 1112 signa
778 1033 931 1112 legionum
942 1034 1061 1114 refugit

162 1111 318 1171 Peditum
335 1113 414 1172 acies
442 1114 522 1172 inter
550 1113 704 1192 perculsos
728 1114 875 1192 inpavida
899 1115 964 1174 sola
988 1120 1118 1186 erat,10

161 1191 392 1270 videbaturque,
407 1193 432 1252 si
448 1193 532 1271 justa
553 1213 589 1252 ac
610 1193 727 1254 directa
747 1215 854 1273 pugua-
872 1204 956 1267 esset,
976 1197 1062 1257 haut·

160 1291 315 1351 quaquam
343 1274 433 1351 inpar
459 1272 581 1346 futura3
603 1282 723 1334 tantum
751 1277 920 1335 animorum
949 1276 1063 1338 fecerat

160 1371 301 1430 prospere
315 1363 386 1412 ante
399 1373 510 1432 paucos
522 1354 585 1414 dies
600 1375 645 1413 res
660 1364 760 1433 gesta;
774 1364 818 1414 set
830 1356 927 1415 exorti
939 1367 1061 1435 repente

159 1433 351 1494 insidiatores
378 1449 447 1493 eum
474 1434 642 1493 tumultum
666 1443 879 1515 terroremque,
903 1436 935 1495 in
963 1437 1061 1497 latera

160 1514 313 1593 utrimque
328 1513 368 1574 ab
383 1522 526 1592 tergoque
540 1515 738 1586 incursantes,
753 1516 899 1589 fecerunt,
914 1524 949 1577 ut
963 1537 1060 1596 neque
1075 1519 1113 1579 15

157 1594 278 1654 animus
303 1595 342 1654 ad
367 1615 501 1674 pugnarn
526 1596 684 1674 nequead
707 1596 812 1676 fugam
833 1617 900 1675 spes
917 1598 1059 1678 cuiquam

156 1683 330 1754 superesset.

196 1754 328 1815 XXIX.
370 1754 448 1816 Tum
468 1755 592 1830 Fabius,
608 1757 707 1836 primo
728 1757 860 1818 clamore
880 1759 1057 1837 paventium

156 1834 270 1908 audito,
288 1835 357 1895 dein
374 1847 533 1914 conspecta
547 1839 652 1916 procul
668 1837 792 1899 turbata
807 1839 881 1910 acie,
898 1845 915 1870 “
925 1839 969 1900 ita
983 1841 1056 1913 est,'’

156 1915 266 1993 inquit,
282 1919 369 1976 “non
385 1917 511 1977 celerius
526 1938 618 1997 quam
637 1919 737 1991 timui,
752 1918 913 1997 deprendit
932 1919 1056 1982 fortuna
1071 1922 1111 1983 20

155 1997 365 2057 temeritatem.
407 1997 506 2058 Fabio
529 2009 676 2076 aequatus
698 1999 824 2078 imperio
848 1999 1056 2062 Hannibalem

155 2083 185 2134 et
204 2076 320 2137 virtute
343 2087 374 2137 et
397 2077 520 2138 fortuna
543 2080 726 2158 superiorem
749 2080 841 2139 videt.
883 2079 942 2140 Sed
969 2081 1056 2141 aliud

155 2155 303 2234 jurgandi
330 2159 582 2238 suscensendique
611 2168 729 2237 tempus
757 2160 831 2219 erit:
859 2179 941 2220 nunc
968 2163 1056 2242 signa

154 2246 243 2296 extra
270 2237 390 2298 vallum
419 2239 567 2316 proferte;
601 2240 762 2301 victoriam
790 2240 869 2299 hosti
897 2253 1055 2320 extorque·

154 2337 249 2391 amus,
275 2317 491 2379 confessionem
515 2321 624 2380 erroris
650 2320 800 2380 civibus.”
842 2319 914 2382 Jam
944 2343 1054 2400 magna
1070 2321 1109 2383 25

153 2417 191 2456 ex
206 2408 293 2478 parte
308 2399 401 2460 caesis
415 2401 493 2474 aliis,
507 2401 576 2460 aliis
597 2401 919 2479 circumspectantibus
939 2402 1053 2480 fugam,

153 2477 295 2540 Fabiana
322 2501 353 2541 se
381 2483 459 2542 acies
487 2489 619 2562 repente,
640 2482 726 2543 velut
750 2481 834 2542 caelo
854 2481 984 2542 demissa
1014 2484 1053 2544 ad

152 2561 313 2634 auxilium,
327 2563 474 2623 ostendit:
496 2563 609 2642 itaque,
624 2563 800 2642 prinsquam
822 2561 862 2622 ad
884 2563 1053 2642 conjectum

152 2639 205 2699 teli
230 2643 350 2703 veniret
376 2652 430 2704 aut
457 2665 582 2705 manum
604 2652 781 2716 consereret,
800 2651 831 2703 et
851 2663 918 2702 suos
939 2663 958 2702 a
979 2644 1053 2722 fuga

151 2719 245 2782 effusa
273 2732 304 2782 et
330 2723 370 2784 ab
397 2725 488 2785 nimis
515 2725 608 2787 feroci
636 2745 739 2804 pugna
766 2724 864 2784 hostes
888 2724 1048 2784 continuit.
1068 2724 1108 2785 30

152 2799 214 2876 Qui
235 2803 343 2864 solutis
363 2805 522 2867 ordinibus
543 2827 621 2885 vage
641 2805 779 2884 dissipati
800 2813 897 2877 erant,
918 2804 1054 2884 undique

150 2881 354 2963 confugerunt
382 2885 421 2945 ad
450 2887 600 2965 integram
629 2887 744 2958 aciem;
766 2886 819 2964 qui
839 2885 941 2964 plures
962 2885 1053 2945 simul

149 2970 234 3042 terga
269 2964 426 3038 dederant,
456 2969 590 3027 conversi
626 2968 658 3027 in
693 2968 809 3027 hostem
839 2966 1053 3044 volventesque

149 3042 262 3117 orbem,
278 3065 359 3105 nunc
380 3047 489 3106 sensim
511 3047 621 3107 referre
642 3048 759 3126 pedem,
775 3067 856 3108 nunc
878 3046 1052 3125 conglobati

150 3133 279 3184 restare:
295 3145 330 3184 ac
340 3127 405 3205 jam
421 3145 515 3206 prope
529 3148 590 3188 una
604 3129 682 3188 acies
696 3129 778 3188 facta
792 3137 858 3187 erat
870 3128 946 3188 victi
961 3137 1052 3204 atque
1067 3123 1106 3185 35

148 3203 260 3282 integri
273 3207 434 3280 exercitus,
449 3207 679 3286 inferebantque
693 3209 781 3287 signa
794 3209 825 3266 in
841 3207 966 3278 hostem,
981 3227 1051 3266 cum

148 3283 268 3344 Poenus
281 3286 417 3364 receptui
431 3288 551 3360 cecinit,
566 3289 668 3366 palam
685 3290 799 3349 ferente
813 3286 1000 3359 Hannibale,
1012 3287 1052 3370 ab

147 3381 177 3422 se
189 3361 377 3439 Minucium,
391 3385 422 3426 se
436 3365 475 3426 ab
491 3365 588 3427 Fabio
604 3369 729 3428 victum.
953 3389 955 3392 ·

94 3451 97 3458 '
186 3439 237 3518 Ita
251 3444 439 3524 perreriam
454 3445 607 3528 fortunam
623 3444 684 3506 diei
698 3445 811 3522 majore
826 3452 913 3521 parte
931 3452 1050 3518 erecta.
1143 3484 1147 3494 .
