2562 3788
430 237 563 285 arana
588 238 650 304 rx,
679 222 807 288 17-18.
877 269 881 276 .
1053 224 1117 290 209

155 393 341 464 avunculus.
359 395 422 474 ejus
456 415 562 475 nuper,
591 395 681 488 Epiri
714 416 770 457 rex
797 395 984 471 Alexander,
1013 397 1064 459 ab

156 483 297 552 sumptus
317 484 392 536 erat.

198 555 329 616 XVIII.
346 555 389 616 Et
404 555 556 635 loquimur
569 556 607 616 de
620 556 802 618 Alexandro
816 557 951 618 nondum
968 579 1064 620 merso

153 635 298 710 ‚secundis
313 635 410 709 rebus,
422 657 552 716 quarum
566 656 654 697 nemo
669 637 881 699 intolerantior
891 638 959 698 fuit.
1002 639 1065 716 Qui

153 716 183 789 ‚ai
206 736 245 775 ex
268 715 377 776 habitu
400 737 497 778 novae
519 717 658 777 fortunae
672 719 812 797 novique,
829 729 863 779 ut
885 718 928 779 ita
951 719 1062 794 dicam,
1099 723 1118 782 5

157 795 283 874 ingenii,
305 796 387 875 quod
411 797 469 857 sibi
490 798 588 858 victor
609 795 759 870 induerat,
780 809 941 878 spectetur,
963 799 1064 860 Dareo

158 877 256 954 magis
269 877 378 951 similis
392 897 483 957 quam
498 877 679 938 Alexandro
693 879 726 937 in
742 878 867 938 Italiam
882 881 1019 953 venisset,
1034 889 1065 942 et

155 957 327 1022 exercitum
343 956 540 1018 Macedoniae
551 958 681 1020 oblitum
695 958 988 1038 degenerantemque
998 961 1064 1039 jam

158 1037 191 1095 in
207 1037 369 1098 Persarum
383 1058 479 1098 mores
489 1038 675 1100 adduxisset.
719 1038 844 1100 Referre
855 1040 886 1099 in
898 1050 984 1101 tanto
995 1060 1065 1120 rege

159 1118 244 1196 piget
278 1118 439 1196 superbam
467 1119 665 1179 mutationem
694 1120 795 1194 vestis,
823 1130 853 1180 et
880 1120 1064 1182 desideratas
1081 1125 1119 1186 10

156 1199 246 1258 humi
261 1199 429 1278 jacentium
451 1198 651 1273 adulationes,
673 1202 765 1262 etiam
780 1201 869 1262 victis
891 1201 1064 1262 Macedoni·

157 1279 215 1340 bus
235 1301 352 1359 graves,
370 1281 482 1340 nedum
497 1280 673 1354 victoribus,
695 1292 726 1342 et
746 1281 834 1342 foeda
854 1282 1013 1361 supplicia,
1035 1293 1066 1344 et

154 1361 238 1430 ¹inter
252 1362 359 1423 vinum
373 1371 403 1422 et
416 1363 520 1441 epulas
535 1363 640 1422 caedes
661 1363 837 1436 amicorum,
852 1374 882 1424 et
897 1364 1064 1425 vanitatem

153 1443 366 1510 ,ementiendae
380 1443 491 1522 stirpis.
534 1443 618 1520 Quid
639 1444 664 1503 si
679 1444 743 1506 vini
758 1465 843 1505 amor
856 1445 889 1505 in
903 1445 966 1507 dies
981 1446 1065 1508 fieret

158 1523 354 1603 acriorlquid
377 1525 402 1584 si
424 1534 497 1584 trux
520 1545 556 1585 ac
579 1526 772 1604 praefervida
793 1527 862 1587 ira?
891 1528 960 1601 (nee
982 1529 1064 1608 quic·
1080 1532 1118 1592 15

158 1625 251 1684 quam
274 1605 401 1665 dubium
424 1607 504 1667 inter
525 1608 684 1687 scriptores
707 1609 817 1688 resero)
841 1609 967 1669 nullane
989 1610 1063 1669 haec

157 1685 271 1747 damna
299 1688 500 1767 imperatoriis
528 1690 694 1754 virtutibus
722 1691 882 1753 ducimus?
929 1691 967 1751 Id
991 1711 1063 1752 vero

157 1769 330 1848 periculum
351 1779 424 1842 erat,
440 1771 522 1849 quod
543 1771 687 1832 levissimi
709 1793 747 1832 ex
769 1771 902 1846 Graecia,
917 1772 970 1851 qui
992 1773 1065 1832 Par·

157 1851 284 1912 thorum¹
310 1873 428 1932 quoque
456 1861 563 1913 contra
596 1874 706 1914 nomen
742 1854 915 1914 Romanum
949 1853 1066 1932 gloriae

157 1931 272 2007 favent,
288 1934 428 1996 dictitare
442 1935 548 2008 solent,
563 1955 602 1995 ne
623 1936 809 2014 majestatem
825 1933 956 1995 nominis
971 1933 1065 1994 Alex·
1079 1937 1119 1999 20

156 2014 256 2087 andri,
279 2037 368 2095 quem
393 2036 431 2076 ne
456 2017 538 2077 fama
559 2017 682 2096 quidem
710 2016 772 2076 illis
800 2026 905 2077 notum
933 2015 1066 2076 arbitror

157 2093 258 2169 fuisse,
279 2098 425 2158 sustinere
446 2119 507 2160 non
527 2098 661 2177 potuerit
685 2098 814 2178 populus
837 2099 1004 2170 Romanus,
1025 2105 1065 2169 et,

157 2176 302 2236 adversus
313 2199 401 2257 quem
413 2179 552 2252 Athenis,
565 2179 597 2238 in
612 2180 736 2240 civitate
749 2179 847 2240 fracta
861 2179 1065 2240 Macedonum

155 2258 259 2331 armis,
274 2270 428 2321 cernentes
441 2271 508 2321 tum
522 2261 656 2322 maxime
676 2282 769 2341 prope
783 2261 935 2322 fumantes
949 2260 1065 2321 Theba·

157 2358 224 2398 rum
250 2339 363 2414 ruinas,
386 2343 554 2402 contionari
578 2342 673 2403 libere
694 2343 760 2403 ausi
782 2343 844 2404 sint
865 2343 1010 2416 homines,
1032 2341 1064 2401 id
1076 2344 1120 2406 ι25

157 2420 238 2499 quod
254 2441 293 2480 ex
308 2425 509 2484 monumentis
530 2425 701 2486 orationum
723 2435 816 2504 patet,
831 2426 974 2487 adversus
996 2444 1065 2484 eum

154 2525 247 2565 nemo
274 2526 313 2565 ex
341 2515 387 2567 tot
414 2507 588 2586 proceribus
623 2507 770 2567 Romanis
799 2528 902 2568 vocem
936 2506 1066 2566 liberam

155 2589 304 2649 missurus
332 2588 445 2648 fuerit?
497 2587 711 2665 Quantalibet
727 2588 905 2667 magnitudo
934 2587 1065 2648 hominis

160 2670 351 2748 concipiatur
375 2670 494 2740 animo;
524 2669 613 2729 unius
634 2677 736 2729 tamen
757 2689 793 2728 ea
815 2669 993 2747 magnitudo
1014 2668 1065 2728 ho·

158 2751 250 2810 minis
265 2750 332 2822 erit,
347 2750 476 2811 collecta
497 2750 590 2828 paulo
603 2749 673 2828 plus
688 2749 792 2809 decem
806 2769 955 2809 annorum
971 2749 1065 2810 felici·
1079 2749 1120 2812 30

158 2839 239 2901 tate3
261 2851 352 2908 quam
368 2831 421 2908 qdi
435 2851 470 2891 eo
485 2828 646 2902 extollunt,
659 2829 739 2908 quod
754 2829 884 2908 populus
899 2829 1065 2901 Romanus,

158 2911 213 2972 etsi
226 2911 312 2971 nullo
327 2911 417 2983 bello,
429 2910 533 2970 multis
547 2919 650 2970 tamen
664 2909 786 2989 proeliis
797 2909 897 2970 vietus
911 2910 959 2982 sit,
972 2909 1067 2969 Alex·

159 2992 255 3052 andro
269 2990 384 3051 nullius
399 3011 520 3069 pugnae
533 3011 594 3050 uon
609 2989 741 3050 secunda
755 2989 878 3049 fortuna
892 2990 993 3063 fuerit,
1004 3010 1066 3049 non

159 3070 1067 3150 intellegunt,se’hominisresgestas,etejuajuvenis‚cumpo
1168 3105 1169 3108 η

159 3152 225 3230 puli
236 3153 300 3230 jam
313 3150 751 3230 octingentesimumbellantis
765 3169 880 3209 annum
895 3150 983 3210 rebus
998 3170 1067 3210 con·
1077 3147 1120 3210 ³35

159 3232 245 3292 ferre.
276 3231 434 3303 Miremur,
443 3231 555 3303 sicum
567 3252 605 3290 ex
617 3230 675 3290 hac
685 3239 771 3309 parte
781 3230 902 3290 saecula
912 3230 1003 3309 plura
1013 3249 1067 3289 nu-

159 3321 315 3372 merentur
332 3332 423 3391 quam
438 3331 476 3372 ex
492 3311 547 3371 illa
561 3311 643 3381 anni,
657 3309 725 3388 plus
739 3310 770 3370 in
786 3319 854 3370 tam·
864 3310 954 3388 longo
968 3310 1067 3388 spatio

150 3413 252 3468 uuam
267 3392 298 3451 in
313 3401 414 3452 aetate
428 3391 573 3450 tredecim
589 3408 738 3450 annorum
749 3390 872 3449 fortuna
884 3390 1069 3450 variaverit?

156 3473 245 3550 ,Quin
256 3481 301 3532 :tu
324 3471 456 3532 hominis
471 3491 540 3530 cum
555 3468 679 3529 homine
692 3476 722 3527 et
736 3467 822 3527 ducis
836 3485 905 3526 eum
920 3467 996 3526 duce
1010 3466 1068 3528 for·

261 3566 334 3614 14-
343 3566 415 3629 Livy.
