2520 3784
173 201 213 264 28
339 216 550 262 r1r1n1v1
578 215 632 261 an
659 215 774 262 vanu
805 189 996 261 counire

223 372 296 430 fines
311 370 465 431 Romanos
484 372 686 432 incursionem
708 371 799 442 facit;
822 370 934 449 raptim
956 378 986 429 et
1007 371 1047 430 ad
1068 371 1125 430 hos

224 451 365 512 Romana
398 450 478 530 legio
513 452 605 511 ducta
633 451 771 530 palantes
798 451 830 510 in
858 451 938 528 agris
967 453 1130 530 oppressit.-

224 532 299 593 Fusi
314 531 409 610 igitur
423 532 522 610 primo
537 532 642 611 inpetu
657 541 687 590 et
701 531 832 590 clamore
853 531 960 601 hostes,
976 531 1124 608 oppidum

195 623 198 630 ’
223 625 358 694 captum,
373 611 549 690 duplicique
563 613 692 672 victoria
707 622 847 670 ovantem
864 610 1031 670 Romulum
1046 611 1125 670 Her-

191 695 294 756 5silia
322 693 457 772 conjunx
485 691 625 770 precibus
652 701 810 769 raptarum
835 691 965 769 fatigata
987 700 1063 763 orat,
1089 699 1125 750 ut

223 774 399 854 parentibus
414 793 517 832 earum
530 772 582 831 det
591 771 711 832 veniam
724 772 796 831 etin
809 771 963 831 civitatem
975 771 1124 849 accipiat;

223 857 268 916 ita
295 875 359 914 rem
387 853 553 914 coalescere
582 850 744 912 concordia
766 871 859 930 posse.
902 851 1006 910 Facile
1031 851 1124 930 impe·

223 944 347 996 tratum.

261 1015 342 1077 Inde
363 1023 468 1075 contra
493 1012 705 1074 Crustuminos
729 1011 881 1090 profectus
905 1011 1021 1072 bellum
1050 1013 1125 1073 infe

172 1099 211 1160 10
225 1105 331 1156 rentes.
373 1094 423 1155 Ibi
437 1095 536 1155 minus
551 1095 653 1164 etiam,
669 1093 750 1170 quod
765 1093 872 1152 alienis
888 1091 1027 1152 cladibus
1050 1093 1125 1153 ceci-

225 1177 333 1236 derant
361 1175 464 1247 animi,
494 1174 668 1235 certaminis
696 1173 763 1233 fuit.
819 1173 959 1252 Utroque
973 1173 1125 1234 coloniae

224 1257 348 1326 missae;
370 1256 471 1334 plures
487 1255 613 1328 inventi,
629 1254 682 1334 qui
696 1262 820 1332 propter
834 1253 1003 1314 ubertatem
1025 1263 1126 1315 terrae

224 1337 256 1395 in
277 1336 505 1396 Crustuminum
530 1337 654 1395 nomina
678 1335 794 1394 darent.
837 1333 880 1394 Et
901 1334 1031 1394 Romam
1053 1335 1126 1394 inde

225 1417 395 1495 frequenter
420 1417 586 1495 migratum
614 1425 669 1489 est,
690 1435 709 1476 a
733 1414 911 1495 parentibus
932 1415 1066 1476 maxime
1086 1435 1125 1476 ac

173 1501 211 1560 15
224 1497 401 1576 propinquis
415 1508 581 1576 raptarum.

254 1577 469 1638 »Nouissimam
496 1576 534 1636 ab
558 1576 680 1637 Sabinis
700 1575 817 1636 bellurn
839 1585 949 1648 ortum,
967 1577 1126 1656 multoque

225 1658 257 1718 id
272 1659 439 1716 maximum
455 1658 531 1717 lirit:
553 1657 631 1716 nihil
647 1657 728 1716 enim
743 1677 796 1736 per
810 1657 885 1716 iram
907 1669 961 1718 ant
975 1658 1127 1738 cupidita-

225 1748 285 1801 tem
307 1749 409 1798 actum
431 1746 554 1810 estnec
575 1738 770 1798 ostenderunt
790 1737 905 1797 bellurn
928 1740 1012 1817 prius
1030 1760 1126 1819 quam

224 1819 402 1879 intulerunt.
445 1817 578 1878 Consilio
600 1819 692 1878 etiarn
713 1817 836 1879 additus
857 1817 953 1879 dolus.
995 1819 1125 1898 Spurius

173 1899 371 1978 20Tarpeius
400 1898 557 1960 Romanae
588 1909 728 1978 praeerat
762 1901 834 1959 arci.
891 1899 994 1978 Hujus
1027 1899 1125 1960 filiam

225 1980 373 2058 virginem
388 1999 462 2038 auro
477 1979 644 2057 corrumpit
656 1978 769 2052 Tatius,
781 1989 816 2039 ut
830 1989 962 2040 armatos
977 1980 1007 2038 in
1023 1999 1125 2040 arcem

225 2060 541 2138 accipiat;—aquam
557 2059 634 2119 forte
648 2079 684 2118 ea
699 2069 764 2120 turn
785 2059 878 2120 sacris
900 2070 988 2120 extra
1004 2061 1125 2120 moenia

224 2141 353 2220 petitum
367 2140 453 2200 ierat.
494 2139 623 2218 Accepti
639 2139 780 2200 obrutam
795 2139 886 2200 armis
901 2160 1056 2214 necavere,
1071 2161 1123 2202 seu

225 2234 259 2280 ut
272 2219 305 2282 vi
315 2230 405 2299 capta
416 2219 517 2299 potius
527 2241 584 2280 arx
593 2220 757 2292 videretur,
767 2241 818 2280 seu
829 2220 977 2299 prodendi
991 2222 1124 2301 exempli

172 2303 210 2364 25
226 2321 324 2374 causa,
339 2301 465 2380 nequid
481 2321 607 2379 usquam
623 2301 718 2360 fidum
735 2301 884 2381 proditori
899 2311 983 2362 esset.
1026 2301 1123 2362 Addi-

223 2392 274 2442 tur
287 2382 402 2450 fabula,
417 2381 496 2460 quod
513 2381 606 2460 vulgo
622 2381 728 2442 Sabini
743 2401 850 2441 aureas
865 2382 1002 2442 armillas
1018 2382 1123 2459 magui

223 2463 363 2542 ponderis
385 2462 509 2522 brachio
531 2461 619 2522 laevo
639 2471 866 2540 gemmatosque
889 2482 1002 2540 magna
1025 2463 1125 2540 specie

223 2543 329 2603 anulos
357 2542 531 2616 habuerint,
553 2544 702 2621 pepigisse
730 2563 796 2602 eam
826 2543 917 2620 quod·
935 2545 967 2602 in
995 2542 1124 2602 sinistris

222 2623 363 2683 manibus
391 2622 555 2694 haberent;
582 2643 616 2682 eo
643 2632 730 2683 scuta
758 2622 806 2681 illi
831 2643 886 2700 pro
914 2623 1013 2682 aureis
1037 2623 1125 2682 donis

169 2705 208 2766 30
223 2713 372 2782 congesta.
414 2702 493 2763 Sunt
514 2703 568 2782 qui
589 2723 665 2774 eam,
681 2723 719 2763 ex
734 2714 824 2782 pacto
839 2703 980 2762 tradendi
995 2702 1076 2782 quod
1091 2703 1124 2762 in

221 2785 350 2845 sinistris
384 2784 524 2844 manibus
559 2783 716 2856 haberent,
745 2783 865 2842 derecto
900 2803 987 2842 arma
1017 2782 1126 2861 petisse

221 2867 335 2937 dicant,
350 2873 388 2937 et,
403 2865 510 2924 fraude
525 2864 623 2925 visam
641 2883 739 2942 agere,
755 2883 811 2923 sua
825 2863 1125 2942 ipsarnperemptam

221 2945 363 3005 mercede.

261 3026 339 3086 XlI.
381 3025 517 3086 Tenuere
539 3033 641 3084 tamen
666 3043 767 3084 arcem
792 3022 916 3096 Sabini;
938 3032 1031 3102 atque
1053 3023 1124 3082 inde

167 3107 205 3166 35
221 3117 339 3186 postero
354 3106 412 3178 die,
430 3127 498 3165 cnm
514 3104 671 3164 Romanus
692 3104 844 3164 exercitus
863 3104 1029 3164 instructus
1044 3103 1125 3182 quod

220 3190 300 3247 inter
327 3186 503 3246 Palatinum
531 3185 800 3263 Capitolinumque
823 3184 932 3244 collem
956 3185 1057 3262 campi
1081 3193 1126 3243 est

220 3267 407 3346 complesset,
418 3286 477 3324 non
491 3266 574 3344 prius
587 3265 808 3324 descenderunt
822 3265 854 3323 in
870 3285 1011 3343 aequum,
1023 3284 1125 3342 qnam,

220 3349 266 3408 ira
280 3357 311 3408 et
328 3346 495 3424 cupiditate
517 3345 741 3422 recuperandae
762 3345 841 3404 arcis
863 3345 1042 3404 stimulante
1062 3345 1126 3402 ani·

219 3449 293 3502 mos,
305 3429 337 3488 in
352 3427 513 3486 adversum
529 3423 661 3483 Romani
676 3424 804 3486 subiere.
848 3425 1006 3504 Principes
1020 3424 1125 3484 utrim-
