2562 3788
188 250 250 314 196
353 265 442 312 uiui
472 265 567 313 n1v1
597 265 654 311 aa
682 265 800 314 vana
829 264 1017 312 conum

238 431 336 495 atrox,
351 441 441 501 super
454 430 500 482 tot
515 420 616 482 clades
631 421 723 482 etiam
738 442 861 494 novum,
877 441 947 481 cum
966 430 1092 502 stupore
1107 441 1145 484 nc

237 502 387 563 miraculo
402 502 537 582 torpidos
550 500 703 563 defixisset
717 501 770 581 qui
785 501 922 575 aderant,
937 511 966 562 et
980 502 1146 563 consilium

238 582 452 644 advocandum
467 583 505 642 de
519 602 554 642 eo
568 591 732 654 censerent,
752 591 844 660 negat
866 583 973 642 consili
994 604 1058 643 rem
1081 603 1146 644 esse

238 663 339 744 Scipio
359 664 490 743 juvenis,
513 663 616 723 fatalis
637 663 702 722 dux
727 662 853 742 hujusce
874 662 956 722 belli.
999 663 1146 723 ‘Auden-

205 745 312 808 5dum
340 755 432 823 atque
461 741 622 822 agendum,
648 763 709 802 nou
738 743 990 802 consultandum'
1019 744 1062 803 ait
1093 744 1145 803 ‘in

237 835 324 886 tanto
339 825 420 885 malo
435 844 505 884 esse.
549 822 635 883 Ireut
655 843 756 883 secum
778 823 933 901 extemplo
954 824 1074 895 armati,
1091 825 1146 904 qui

237 927 301 966 rem
325 905 482 985 publicam
507 903 625 964 salvam
652 903 784 974 vellent;
806 902 895 962 nulla
919 904 1028 975 verius,
1050 924 1147 982 quam

237 986 290 1066 ubi
311 1007 347 1047 ea
368 988 548 1066 cogitentur,
572 984 704 1044 hostium
726 993 825 1043 castra
846 983 926 1044 esse’
968 983 1075 1062 Pergit
1102 985 1147 1044 ire

236 1068 430 1146 sequentibus
444 1067 548 1146 paucis
563 1065 594 1124 in
612 1064 776 1143 hospitium
792 1063 921 1136 Metelli,
936 1072 975 1138 et,
990 1085 1060 1124 cum
1076 1085 1147 1124 con·

185 1148 224 1209 10
238 1147 342 1207 cilium
359 1148 399 1207 ibi
411 1148 571 1226 juvenum,
588 1145 752 1224 dequibus
771 1143 911 1204 adlatum
926 1155 999 1217 erat,
1014 1145 1147 1206 invenis-

236 1238 290 1300 set,
311 1228 417 1288 stricto
438 1249 528 1307 super
551 1227 656 1306 capita
681 1225 918 1286 consultantium
941 1225 1054 1304 gladio,
1077 1231 1147 1285 “ex

237 1309 295 1368 mei
317 1309 412 1368 animi
433 1309 584 1368 sententia
592 1309 608 1333 ''
626 1309 727 1388 inquit
743 1312 760 1338 ‘⁴
770 1316 805 1366 ut
826 1327 881 1384 ego
902 1326 965 1365 rem
987 1305 1147 1384 publicam

236 1389 341 1468 populi
359 1388 491 1449 Romani
507 1409 566 1448 non
584 1389 731 1464 deseram,
747 1407 844 1468 neque
861 1387 956 1447 alium
972 1388 1068 1448 civem
1086 1385 1147 1446 Ro-

237 1489 362 1528 manum
377 1468 511 1530 deserere
526 1470 644 1549 patiar;
668 1471 693 1530 si
713 1470 810 1530 sciens
824 1467 909 1540 fallo,
925 1477 991 1527 tum
1005 1487 1054 1526 me
1068 1466 1090 1528 J
1094 1487 1147 1546 up

184 1549 316 1628 tupiter
346 1550 459 1628 optimc
495 1551 638 1623 maxime,
670 1551 804 1624 domum,
833 1547 992 1621 familiam,
1020 1567 1148 1627 remque

237 1650 337 1690 meam
350 1630 479 1708 pessimo
494 1630 555 1691 leto
571 1631 706 1692 adficias.
751 1631 789 1691 In
811 1631 886 1690 haec
901 1629 1004 1701 verba,
1019 1628 1056 1688 L.
1073 1627 1148 1688 Cae·

237 1710 299 1781 cili,
318 1710 403 1789 jures
430 1711 560 1790 postulo,
588 1712 741 1791 ceterique
762 1712 815 1791 qui
836 1710 956 1770 adestis.
998 1709 1062 1786 Qui
1084 1729 1147 1769 non

239 1791 400 1869 juraverit,
421 1791 454 1851 in
474 1812 506 1852 se
526 1792 609 1852 huuc
624 1792 763 1871 gladium
788 1793 928 1853 strictum
953 1811 1015 1851 esse
1038 1789 1146 1851 sciat.’'

239 1871 335 1930 Haud
355 1892 440 1932 secus
461 1872 576 1951 pavidi,
599 1893 693 1951 quam
717 1874 743 1934 si
765 1873 912 1934 victorem
935 1870 1147 1932 Hannibalem

185 1951 225 2014 20
239 1960 404 2024 cernerent,
414 1953 523 2031 jurant
538 1973 651 2026 omnes,
667 1953 939 2032 custodiendosque
955 1961 1050 2013 semet
1065 1953 1147 2032 ipsos

238 2030 372 2110 Scipioni
387 2033 523 2093 tradunt.

279 2110 365 2173 LIV.
408 2112 455 2172 Eo
476 2122 612 2193 tempore
633 2134 694 2193 quo
720 2115 795 2175 haec
818 2114 944 2176 Canusii
965 2114 1148 2194 agebant—ur,

238 2191 405 2253 Venusiam
427 2193 467 2253 ad
490 2193 645 2254 consulem
667 2195 706 2255 ad
729 2205 874 2274 quattuor
898 2195 984 2255 milia
1006 2205 1037 2256 et
1060 2196 1149 2274 quin-

238 2272 323 2350 genti
344 2273 461 2351 pedites
482 2275 667 2354 equitesque,
690 2276 744 2354 qui
768 2297 781 2336 s
804 2276 864 2335 arsi
884 2276 959 2354 iuga
979 2296 1034 2355 per
1059 2297 1149 2354 agros

186 2353 225 2415 25
239 2354 369 2425 inerant,
378 2374 551 2433 pervenere.
594 2356 656 2416 Eos
671 2377 774 2416 omnes
783 2297 936 2418 lenusini
948 2377 1002 2436 per
1013 2355 1149 2418 familias

238 2433 369 2512 benigne
390 2435 581 2514 accipiendos
606 2437 816 2516 curandosque
830 2454 900 2497 oum
915 2437 1100 2510 divisissent,
1116 2437 1148 2497 in

238 2513 372 2593 singulos
387 2515 502 2594 equites
515 2526 604 2596 vtogas
621 2527 651 2577 et
665 2518 784 2578 tunicas
798 2525 829 2578 et
843 2517 1040 2596 quadrigatos
1062 2539 1149 2577 num·

239 2615 303 2654 mos
324 2595 432 2673 quinos
447 2597 577 2669 vicenos,
597 2606 627 2659 et
648 2598 744 2676 pediti
765 2598 866 2670 denos,
882 2607 912 2658 et
926 2617 1020 2671 arma,
1036 2598 1149 2677 quibus

239 2675 373 2748 deerant,
401 2677 560 2751 dederunt,
592 2687 751 2757 ceteraque
779 2678 901 2757 publice
936 2698 972 2737 ac
1000 2678 1149 2756 privatim

186 2757 226 2818 30
239 2756 431 2834 hospitaliter
452 2759 544 2831 facta,
562 2767 782 2838 certatumque,
799 2779 838 2819 ne
858 2779 878 2819 a
899 2757 1026 2818 muliere
1048 2758 1149 2819 Canu·

239 2837 306 2896 sina
320 2838 452 2916 populus
468 2839 644 2901 Venusinus
659 2839 764 2900 officiis
779 2838 961 2900 vinceretur.
1003 2837 1062 2898 Sed
1080 2859 1148 2917 gra·

238 2918 308 2978 vius
322 2938 397 2978 onus
413 2919 514 2980 Busae
525 2919 692 2981 multitudo
703 2918 853 2992 faciebat;
868 2919 973 2998 etjam
987 2919 1027 2978 ad
1043 2919 1147 2979 decem

240 2997 327 3057 milia
341 2999 500 3059 hominum
515 3008 611 3072 eraut,
621 2999 802 3079 Appiusque
816 3008 846 3060 et
860 2999 971 3077 Scipio,
986 3009 1147 3078 postquam

240 3077 424 3139 incolumem
447 3100 508 3140 esse
530 3079 661 3139 alterum
686 3079 839 3140 consulem
860 3089 1054 3157 acceperunt,
1072 3099 1148 3138 nun·

187 3157 226 3218 35
242 3157 319 3216 tium
334 3159 489 3236 extemplo
504 3160 639 3231 mittunt,
649 3173 781 3236 quantae
795 3180 896 3219 secum
912 3159 1051 3238 peditum
1066 3161 1148 3237 equi-

240 3245 366 3315 tumque
388 3239 492 3317 copiae
513 3247 619 3312 essent,
640 3239 888 3317 sciscitatumque
915 3239 1017 3310 simul,
1041 3248 1147 3298 utrum

241 3315 410 3376 Venusiam
431 3316 542 3376 adduci
563 3318 731 3377 exercitum
753 3338 792 3377 an
815 3339 936 3378 manere
953 3318 1077 3396 juberet
1092 3318 1147 3380 Ca·

241 3395 317 3454 nusi.
361 3395 462 3457 Varro
477 3397 540 3472 ipse
554 3396 719 3455 Canusium
736 3399 838 3476 copias
853 3399 1012 3471 traduxit3
1035 3408 1066 3459 et
1080 3400 1146 3478 jam

240 3472 346 3549 aliqua
359 3474 471 3551 species
486 3473 653 3534 consularis
667 3477 818 3538 exereitus
838 3488 912 3552 erat,
928 3479 1148 3562 moenibusque

1065 3563 1076 3588 ἱ
