2520 3784
171 208 216 274 ts
340 227 553 278 r1r1n1v1
581 226 636 276 sa
663 230 778 278 vana
808 230 999 278 counrrn

223 391 359 445 currunt.
401 382 467 445 Nec
477 385 524 446 his
538 405 593 446 nec
611 385 673 446 illis
687 386 857 465 periculum
871 407 969 459 suum,
978 387 1132 468 -publi-

224 483 294 524 cum
313 465 476 542 imperium
496 466 714 544 servitiumque
728 466 905 528 obversatur
919 468 1030 541 animo,
1045 469 1132 529 futu-

224 563 318 622 raque
332 565 368 604 ea
382 545 493 605 deinde
506 547 625 625 patriae
638 547 770 619 fortuna,
785 567 877 625 quam
897 547 956 626 ipsi
976 547 1130 609 fecissent

223 621 269 686 Ut
289 624 388 703 primo
410 626 514 686 statim
539 646 686 685 concursu
709 627 886 706 increpuere
906 647 992 687 arma
1013 628 1131 688 mican-
1158 671 1170 690 1

184 701 209 762 =5
223 712 332 784 tesqua.
351 703 463 766 fulsere
486 704 591 784 gladii,
615 706 722 766 horror
743 706 849 785 ingens
874 707 1038 786 spectantis
1059 729 1130 787 per-

221 785 353 864 stringit,
368 794 399 846 et
418 795 526 846 neutro
547 785 697 846 inclinata
721 807 774 865 spe
797 787 939 866 torpebat
957 808 1019 849 vox
1039 789 1130 868 spiri·

222 873 339 944 tusque.
361 864 533 926 ·Consertis
561 865 670 926 deinde
698 866 848 940 manibus,
873 888 943 926 cum
967 867 1033 946 jam
1062 888 1129 928 non

222 955 322 1006 motus
343 955 464 1006 tantum
485 966 645 1025 corporum
668 947 855 1026 agitatioque
869 968 980 1027 anceps
994 947 1129 1008 telorum

222 1045 445 1106 armorumque,
459 1027 511 1087 sed
525 1027 654 1088 vulnera
675 1047 794 1106 quoque
815 1037 845 1088 et
865 1028 988 1106 sanguis
1008 1039 1129 1107 specta·

170 1101 209 1164 10
222 1106 292 1167 culo
305 1117 411 1180 essent,
421 1107 485 1167 duo
496 1105 629 1167 Romani
643 1127 733 1186 super
747 1108 844 1168 alium
858 1107 946 1182 alius,
955 1107 1129 1171 vulneratis

221 1187 319 1247 tribus
333 1187 474 1260 Albanis,
488 1188 676 1266 exspirantes
691 1196 878 1248 corruerunt.

216 1267 233 1298 '·
262 1265 317 1326 Ad
336 1287 464 1345 quorum
487 1288 589 1328 casum
611 1288 681 1328 cum
703 1268 921 1329 conclamasset
941 1269 1053 1348 gaudio
1067 1267 1128 1329 Al-

222 1345 318 1408 banus
346 1348 505 1420 exercitus,
528 1348 683 1408 Romanas
712 1348 844 1428 legiones
867 1349 933 1428 jam
961 1371 1026 1428 spes
1048 1357 1126 1424 tota,

221 1428 473 1490 nondumtamen
489 1449 562 1488 cura
577 1429 758 1503 deseruerat,
773 1429 928 1489 exanimes
943 1429 1009 1490 vice
1024 1430 1126 1504 unius

169 1503 208 1566 1'5
222 1529 311 1588 quem
327 1518 387 1570 tres
400 1509 531 1570 Curiatii
547 1509 818 1570 circumsteterant.
860 1507 953 1570 Forte
967 1509 993 1569 is
1007 1509 1127 1588 integer

220 1589 290 1661 fuit,
304 1597 339 1650 ut
356 1589 505 1652 universis
525 1589 607 1649 solus
628 1609 821 1668 nequaquam
836 1609 900 1668 par,
915 1590 958 1649 sic
979 1590 1126 1650 adversus

218 1669 356 1749 singulos
376 1671 476 1732 ferora·
515 1669 599 1750 Ergo
619 1677 655 1730 ut
674 1678 846 1748 segregaret
859 1689 995 1748 pugnam
1009 1689 1125 1743 eorum,

221 1752 348 1828 capessit
375 1751 489 1830 fugam,
518 1750 563 1810 ita
596 1759 680 1810 ratus
713 1759 877 1822 secuturos,
906 1758 942 1810 ut
974 1769 1126 1829 quemque

221 1831 349 1892 vnlnere
370 1832 523 1892 adfectum
547 1851 655 1910 corpus
676 1830 796 1890 sineret.
838 1829 912 1891 Jam
929 1830 1125 1908 aliquantum

168 1905 208 1968 20
221 1911 313 1990 spatii
331 1933 373 1972 ex
394 1933 429 1972 eo
450 1913 524 1988 loco,
540 1911 594 1971 ubi
614 1920 784 1990 pugnatum
799 1919 851 1983 est,
867 1910 1037 1990 aufugerat,
1053 1930 1126 1970 cum

221 1992 384 2070 respiciens
402 1993 488 2055 videt
509 1993 627 2071 magnis
649 1991 819 2052 intervallis
839 2000 1005 2068 sequentes,
1027 2010 1126 2050 unum

221 2069 298 2132 haut
318 2073 425 2151 procul
445 2075 485 2133 ab
505 2094 567 2133 sese
589 2072 699 2133 abesse.
742 2071 780 2131 In
795 2091 864 2132 eum
882 2090 993 2148 magno
1007 2069 1125 2150 impetu

221 2152 329 2225 rediit3
350 2162 381 2213 et
395 2153 468 2213 dum
482 2153 624 2214 Albanus
638 2152 789 2213 exercitus
804 2151 953 2211 inclamat
967 2149 1123 2224 Curiatiis,

220 2231 267 2291 uti
280 2253 367 2312 opem
381 2233 481 2294 ferant
495 2233 592 2305 fratri,
604 2233 669 2312 jam
684 2232 842 2306 Horatius,
857 2251 942 2292 caeso
961 2231 1047 2290 hoste
1061 2231 1124 2293 vio·

167 2307 210 2369 25·
220 2320 277 2381 tor,
292 2315 456 2374 secundam
471 2335 604 2394 pugnam
620 2312 750 2392 petebat.

261 2391 347 2454 Tunc
361 2394 502 2468 clamore,
517 2394 616 2474 qualis
631 2414 670 2453 ex
684 2394 837 2472 insperato
851 2390 1021 2454 faventium
1036 2391 1122 2466 solet,

220 2471 353 2534 Romani
386 2475 537 2554 adjuvant
571 2475 698 2534 militem
729 2494 828 2547 suum,
856 2481 887 2533 et
915 2473 968 2532 ille
995 2472 1123 2552 defungi

218 2554 333 2632 proelio
357 2555 490 2616 festinat.
531 2555 620 2615 Prius
645 2555 749 2633 itaque
770 2574 862 2632 quam
883 2553 971 2625 alter,
991 2553 1123 2631 quince

219 2635 326 2712 procul
348 2635 464 2709 aberat,
480 2635 622 2715 consequi
635 2644 744 2714 posset,
758 2645 789 2694 et
802 2633 934 2694 alterum
948 2633 1122 2694 Curiatium

166 2708 205 2770 30
219 2714 347 2776 eonficit.
390 2715 665 2795 Jamqueaequato
680 2715 781 2774 Marte
800 2714 913 2793 singuli
933 2723 1121 2792 supererant,

218 2793 271 2853 sed
291 2815 346 2856 nec
366 2815 420 2875 spe
439 2817 496 2857 nec
516 2796 633 2857 viribus
661 2816 755 2875 pares.
798 2795 942 2854 Alterum
970 2795 1121 2854 intactum

217 2873 298 2936 ferro
320 2896 427 2955 corpus
449 2887 479 2936 et
501 2879 655 2956 geminata
669 2875 798 2938 victoria
820 2875 951 2936 ferocem
972 2874 1003 2933 in
1025 2884 1121 2934 certa·

217 2975 287 3014 men
314 2959 439 3017 tertium
467 2957 585 3028 dabat3-
601 2955 688 3028 alter,
712 2955 822 3016 fessum
847 2954 984 3027 vulnere,
1009 2954 1121 3014 fessum

217 3055 306 3096 cursu
334 3037 457 3098 trahens
486 3057 601 3116 corpus,
630 3037 790 3114 victusque
818 3035 949 3095 fratrum
983 3043 1054 3094 ante
1088 3053 1121 3094 se

164 3111 326 3196 35strage,
351 3119 460 3179 victori
487 3117 620 3178 obicitur
646 3117 734 3176 hosti.
776 3115 842 3175 Neo
866 3115 946 3174 illud
969 3114 1119 3193 proelium

216 3196 284 3256 fuit.
326 3197 482 3258 Romanus
503 3198 659 3256 exsultans
682 3201 698 3226 “
710 3197 785 3256 duos
795 3195 812 3222 '’
835 3195 935 3274 inquit
959 3195 1119 3254 “fratrum

215 3276 356 3336 manibus
378 3279 458 3350 dedi,
480 3279 604 3337 tertium
626 3297 734 3337 causae
755 3275 831 3334 belli
851 3276 986 3355 hujusce,
1002 3282 1037 3334 ut
1058 3274 1119 3334 Ro·

214 3375 322 3416 manus
333 3357 457 3417 Albano
469 3358 605 3436 imperet,
614 3356 721 3416 dabo.'’
756 3355 842 3416 Male
854 3354 1016 3415 sustinenti
1030 3373 1119 3414 arma

213 3435 353 3515 &lodium
367 3457 496 3517 superne
505 3436 616 3516 jugulo
630 3436 743 3515 defigit,
750 3437 908 3516 jacentem
919 3433 1041 3515 spoliat
