2520 3784
411 247 544 294 muna
567 230 740 313 .1,28-29.
1028 229 1072 298 4⁷

158 403 360 468 Centuriones
388 405 499 464 armati
527 404 671 465 Mettium
700 403 944 477 circumsistuot3
968 425 1024 466 rex

119 486 231 558 cetera,
241 495 281 545 ut
292 504 377 545 orsus
391 493 465 555 erat,
480 484 617 563 peragit:
640 489 657 515 ‘⁴
667 484 748 562 quod
763 483 875 544 bonum
891 485 1024 546 faustum

119 566 257 644 felixque
270 564 311 626 sit
321 564 435 644 populo
446 565 583 625 Romano
598 584 633 625 ac
648 563 725 624 mihi
733 564 888 643 vobisque,
898 565 1025 638 Albani,

120 647 270 727 populum
285 665 406 706 omnem
420 645 579 707 Albanum
594 644 726 705 Romam
741 645 901 705 traducere
915 645 946 704 in
962 647 1026 705 ani·

119 747 171 790 mo
185 735 241 798 est,
249 725 406 786 civitatem
415 725 488 785 dare
499 725 591 804 plebi,
600 725 748 803 primores
759 725 790 784 in
802 734 903 803 patres
917 725 1026 805 legere,
1060 725 1080 786 5

121 805 348 878 unamurbem,
363 824 457 865 unam
472 826 535 865 rem
549 805 705 884 publicam
725 804 825 865 facere
834 826 842 878 ;
864 813 898 866 ut
912 825 950 866 ex
965 826 1026 866 uno

121 886 278 966 quondam
298 886 331 944 in
353 885 428 946 duos
449 885 577 964 populos
598 885 698 946 divisa
712 884 839 946 Albana
852 906 899 946 res
915 896 969 958 est,
983 887 1027 948 sio

120 987 203 1026 nunc
232 966 265 1026 in
293 986 388 1026 unum
413 965 545 1026 redeat.”
589 965 642 1026 Ad
668 965 746 1026 -haec
771 964 897 1026 Albana
922 965 1026 1046 pubes,

121 1047 247 1106 inermis
262 1045 301 1105 ab
315 1047 440 1108 armatis
454 1055 567 1125 saepta,
576 1047 609 1106 in
620 1045 713 1107 variis
723 1045 935 1106 voluntatibus
949 1067 1027 1107 com·

121 1126 210 1188 muni
238 1135 343 1186 tamen
370 1137 452 1186 metu
481 1136 616 1204 cogente,
635 1126 792 1186 silentium
816 1135 907 1188 tenet.
948 1126 1028 1186 'lbrm
1043 1121 1082 1189 lt

122 1206 234 1268 Tullus
250 1205 368 1266 “Metti
384 1205 516 1280 Fufeti,''
532 1207 642 1285 inquit,
656 1206 707 1266 rsi
723 1207 786 1285 ipse
800 1206 915 1267 discere
928 1222 1028 1287 posses

121 1287 215 1348 fidem
229 1307 267 1347 aa
281 1284 403 1347 foedera
416 1307 546 1360 servare,
560 1287 633 1348 vivo
647 1286 705 1348 tibi
720 1307 756 1347 ea
770 1287 933 1366 disciplina
946 1309 966 1347 a
980 1307 1028 1348 me

122 1367 266 1429 adhibita
286 1375 379 1438 esset;
401 1387 491 1440 nuno,
514 1368 657 1446 quoniam
680 1377 768 1428 tuum
792 1367 964 1428 insanabile
983 1369 1029 1427 in·

122 1448 248 1528 genium
263 1456 316 1520 est,
331 1455 364 1508 at
377 1456 411 1507 tu
427 1456 479 1508 tuo
498 1447 648 1526 supplicio
663 1448 736 1508 doce
751 1448 918 1508 humanum
933 1467 1028 1527 genus

122 1536 282 1590 casanata
297 1527 425 1600 credere,
441 1548 518 1606 quae
532 1549 552 1587 a
565 1537 596 1588 te
610 1527 727 1589 violata
746 1537 825 1588 sunt.
868 1527 913 1589 Ut
933 1529 1029 1607 igitur
1044 1527 1082 1588 15

123 1609 218 1689 paulo
241 1616 313 1668 ante
335 1608 471 1667 animum
492 1609 572 1670 inter
593 1608 773 1669 Fidenatem
798 1608 1029 1688 Romanamque

124 1711 189 1750 rem
211 1688 377 1768 ancipitem
398 1688 524 1768 gessisti,
539 1689 584 1750 ita
593 1690 658 1768 jam
674 1709 782 1768 corpus
797 1689 908 1768 passim
922 1689 1029 1751 distra-

123 1769 262 1832 hendum
277 1768 393 1832 debiat
732 1809 735 1814 -
763 1805 766 1815 ν
978 1809 981 1816 ·

165 1850 292 1911 Exinde
303 1849 422 1912 duabus
436 1850 567 1912 admotis
582 1850 746 1931 quadrigis,
755 1851 788 1911 in
804 1871 911 1912 currus
924 1873 1029 1914 aarum
1074 1919 1077 1928 ,

124 1931 295 1994 distentum
308 1931 418 2010 inligat
432 1931 577 2012 Mettium
587 1954 594 2005 ;
616 1932 727 1993 deinde
747 1933 780 2008 in
801 1933 1029 1994 diversum-iter
1044 1933 1082 1994 20

124 2013 197 2092 equi
219 2011 374 2084 concitati,
389 2012 523 2072 lacerum
538 2014 570 2072 in
586 2023 713 2091 utroque
728 2033 818 2073 curru
831 2033 954 2092 corpus,
969 2033 1030 2094 qua

125 2092 321 2154 inhaeserant
348 2092 480 2153 vinculis
507 2093 838 2171 membra,·portantes
880 2096 1030 2157 Avertere

125 2193 230 2234 omnes
245 2172 285 2232 ab
300 2181 388 2232 tanta
401 2173 546 2233 foeditate
560 2173 726 2252 spectaculi
738 2175 848 2234 oculos.
890 2175 1029 2234 Primum

125 2254 333 2331 ultimumque
347 2253 427 2312 illud
440 2252 625 2332 supplicium
637 2255 718 2332 apud
731 2254 885 2315 Romanos
896 2255 1029 2334 exempli

126 2353 238 2413 parum
252 2333 391 2394 memoris
405 2332 508 2412 legum
522 2333 726 2393 humanarum
740 2335 816 2406 fuit;
838 2335 869 2394 in
884 2334 953 2395 aliis
967 2335 1028 2414 glo
1045 2331 1084 2395 25

126 2414 202 2474 riari
217 2413 298 2486 lieet,
315 2413 394 2472 nulli
407 2414 544 2492 gentium
559 2415 692 2474 mitiores
706 2414 854 2493 placuisse
868 2435 988 2494 menas.
1017 2427 1023 2436 “

168 2493 299 2554 XXIX.
342 2493 427 2554 Inter
448 2493 522 2554 haec
541 2495 606 2573 jam
630 2495 789 2572 praemissi
806 2495 922 2554 Albam
943 2504 1030 2556 erant

128 2575 254 2653 equites
269 2574 322 2652 qui
337 2572 566 2634 multitudinem
579 2575 776 2635 traducerent
793 2575 933 2636 Romam.
974 2577 1031 2637 Le

127 2657 233 2733 giones
258 2653 367 2714 deinde
391 2653 502 2714 ductae
521 2654 559 2714 ad
582 2655 764 2714 diruendam
784 2655 900 2716 urbem.
942 2656 1031 2732 erae

128 2735 184 2795 ubi
203 2735 356 2794 intravere
373 2743 484 2812 portas,
499 2755 561 2794 non
581 2734 705 2814 quidem
725 2735 785 2795 fuit
806 2736 956 2796 tumultus
977 2737 1029 2796 ille
1045 2735 1084 2800 30

128 2835 185 2874 nec
200 2835 305 2893 pavor,
321 2814 419 2892 qualis
441 2823 600 2892 captarum
621 2835 682 2876 esse
703 2815 825 2874 urbium
846 2816 930 2888 solet,
949 2834 1029 2890 cum,

128 2895 261 2956 effractis
276 2895 370 2972 portis
381 2896 522 2956 stratisve
533 2895 627 2955 ariete
639 2896 734 2954 muris
744 2904 798 2955 aut
809 2916 880 2956 arce
888 2898 919 2957 vi
931 2907 1029 2976 capta,

129 2975 245 3036 clamor
256 2975 374 3050 hostilis
389 2984 418 3035 et
433 2995 537 3035 cursus
549 2996 603 3054 per
614 2975 718 3034 urbem
730 2985 916 3036 armatorum
927 2979 1033 3037 omnia

128 3055 209 3115 ferro
221 3054 404 3134 flammaque
416 3056 538 3127 miscet3
552 3055 603 3114 sed
617 3054 771 3115 silentium
787 3057 873 3117 triste
886 3077 922 3116 ao
936 3058 1031 3117 tacita

128 3136 283 3198 maestitia
304 3135 348 3194 ita
369 3136 476 3196 defixit
497 3136 632 3195 omnium
653 3135 779 3208 animoa,
800 3146 834 3196 ut
855 3157 927 3214 prae
947 3146 1029 3196 metu
1046 3133 1085 3197 35

129 3215 230 3286 obliti,
251 3214 326 3293 qnid
347 3215 562 3294 relinquerent,
584 3215 657 3293 quid
676 3235 787 3274 ,secum
816 3217 939 3288 ferrent,
960 3217 1031 3275 deii-

45 3319 54 3328 ·
130 3297 228 3359 ciente
243 3295 368 3360 oonsilio
383 3297 606 3373 rogitantesque
620 3294 673 3354 alii
689 3295 773 3367 alios,
783 3315 865 3354 nunc
877 3297 909 3354 in
920 3295 1032 3353 limini·

131 3376 187 3436 bus
209 3385 335 3448 starent,
360 3395 441 3434 nune
463 3373 633 3434 errabundi
650 3374 761 3434 'domos
785 3394 863 3446 suas,
888 3374 1045 3432 ultimum·

130 3455 209 3518 illud
230 3455 335 3527 visuri,
357 3462 605 3536 pervagarentur.
