2520 3784
436 281 568 328 arnan
594 281 618 346 1,
649 265 775 328 18-19.
1059 267 1102 334 35

147 437 202 498 Ex
227 437 447 518 quibuslocis,
470 440 526 500 etsi
551 441 684 520 ejusdem
709 441 818 502 aetatis
839 440 953 515 finisset,
974 461 1053 522 quae

148 518 234 578 fama
249 519 283 577 in
297 519 447 580 Sabinos?
468 528 523 580 aut
538 541 597 598 quo
612 521 735 599 linguae
752 521 932 582 commercio
951 541 1053 601 quem-

149 619 244 676 quam
253 598 294 660 ad
305 599 506 678 cupiditatem
517 600 653 660 discendi
665 601 846 663 excivisset?
860 622 958 680 quove
968 623 1053 682 prae·

148 678 228 738 sidio
239 698 318 738 unus
329 699 383 758 per
393 688 439 739 tot
449 689 552 758 gentes
563 680 696 741 dissonas
710 701 846 742 sermone
859 681 1053 762 moribusque

149 759 359 838 pervenisset?
393 759 507 839 Suopte
521 761 617 840 igitur
630 762 752 842 ingenio
766 771 969 838 temperatum
989 763 1052 823 aui·
1086 765 1106 825 5

148 859 237 899 mum
256 838 424 900 virtutibus
443 841 535 901 fuisse
556 843 665 920 opinor
683 842 789 922 magis,
810 843 1053 922 instructumque

149 927 297 980 nontam
319 920 484 1000 peregrinis
505 921 632 995 artibuS,
647 943 739 1001 quarn
760 921 924 1003 disciplina
944 923 1053 985 tetrica

149 1019 188 1060 ac
216 1000 296 1060 tristi
323 1011 462 1062 veterum
489 1000 681 1078 Sabinorum,
706 1023 765 1082 quo
792 1023 902 1083 genere
929 1003 1051 1064 nullum

149 1081 305 1160 quondam
327 1080 531 1160 incorruptius
551 1082 619 1164 fuit.

191 1160 309 1221 Audito
323 1161 445 1221 nomine
459 1161 580 1223 Numae
593 1173 694 1243 patres
709 1163 851 1240 Romani,
866 1185 1052 1245 quamquam
1067 1165 1106 1226 10

149 1240 296 1301 inclinari
324 1261 395 1320 opes
422 1241 462 1301 ad
490 1241 618 1304 Sabinos
643 1265 712 1323 rege
737 1245 809 1305 inde
829 1255 949 1325 sumpto
969 1246 1052 1308 vide-

149 1320 274 1396 bantur,
288 1330 392 1382 tamen
405 1342 503 1402 neque
517 1343 549 1384 se
562 1324 723 1404 quisquam
741 1345 798 1385 neo
818 1326 959 1386 factionis
979 1345 1051 1386 suae

149 1401 245 1461 alium
275 1422 330 1462 nec
356 1403 489 1482 denique
515 1414 637 1484 patrum
659 1415 714 1466 aut
733 1407 846 1467 civium
869 1425 1051 1486 quemquam

173 1482 304 1543 raeferre
331 1481 379 1542 illi
407 1485 475 1546 viro
505 1486 581 1559 ausi,
609 1485 650 1546 ad
676 1506 773 1546 unum
800 1507 902 1546 omues
931 1486 1052 1547 Numae

148 1501 304 1642 l'ompilio
326 1584 454 1642 regnum
477 1565 673 1627 deferendum
698 1567 872 1628 decernunt.
913 1566 1050 1640 Accitua
1066 1569 1105 1630 15

146 1644 231 1703 sicut
259 1643 409 1705 Romulus
437 1656 586 1724 augurato
620 1647 696 1708 urbe
730 1647 889 1708 condenda
923 1667 1051 1726 reguum

149 1723 280 1802 adeptus
300 1735 354 1798 est,
369 1725 407 1785 de
423 1746 454 1786 se
468 1746 588 1806 quoque
607 1727 679 1788 deos
698 1725 817 1788 consuli
832 1726 932 1808 jussit.
974 1727 1051 1788 Inde

149 1804 190 1864 ab
219 1825 343 1883 augure,
373 1805 422 1866 cui
450 1806 560 1867 deinde
587 1807 710 1868 honoris
737 1827 808 1888 ergo
835 1808 994 1887 publicum
1017 1807 1051 1868 id

149 1893 391 1964 perpetuumque
411 1887 613 1948 sacerdotium
634 1887 703 1962 fuit,
718 1887 865 1948 deductus
886 1889 918 1948 in
939 1899 1049 1961 arcem,

149 1965 184 2024 in
204 1965 308 2044 lapide
329 1966 368 2025 ad
388 1966 546 2027 meridiem
567 1965 836 2030 versus'cousedit.
877 1968 990 2047 Augur
1010 1969 1048 2028 ad
1065 1971 1105 2031 20

149 2044 272 2104 laevam
288 2046 350 2125 ejus
366 2046 465 2126 capite
479 2048 581 2108 velato
601 2048 701 2108 sedem
723 2048 812 2127 cepit,
827 2047 938 2109 dextra
956 2066 1050 2108 manu

150 2124 295 2185 baculum
324 2125 389 2186 sina
415 2127 495 2187 nodo
515 2127 671 2188 aduncum
691 2137 805 2202 tenens,
826 2149 916 2208 quem
937 2127 1050 2189 lituum

149 2205 356 2284 appellarunt.
398 2206 476 2267 Inde
490 2206 554 2281 ubi,
568 2219 729 2288 prospectu
750 2210 781 2269 iu
802 2209 909 2269 urbem
930 2229 1050 2288 agrurn-

149 2305 209 2364 que
223 2294 323 2364 capto,
339 2286 409 2347 deos
422 2297 563 2367 precatus
577 2290 713 2368 regiones
727 2289 766 2350 ab
781 2290 895 2350 oriente
912 2289 951 2350 ad
966 2309 1050 2350 occa·

149 2386 217 2425 sum
232 2365 457 2440 determinavit,
468 2368 591 2429 dextras
606 2369 644 2429 ad
661 2371 815 2429 meridiem
827 2379 937 2447 partes,
946 2369 1049 2430 laevas
1063 2365 1104 2432 25

149 2447 190 2505 ad
210 2447 457 2524 septemtrionem
478 2469 541 2509 esse
561 2449 658 2522 dixit;
679 2451 800 2528 signum
819 2460 933 2522 contra,
948 2450 1048 2528 quoad

149 2526 324 2606 longissime
341 2538 535 2606 conspectum
550 2531 631 2590 oculi
645 2529 791 2602 ferebant,
806 2530 908 2590 animo
929 2529 1048 2603 finivit;

148 2616 225 2680 tum,
250 2607 327 2667 lituo
352 2608 384 2667 in
409 2608 528 2669 laevam
553 2631 677 2671 manum
702 2609 860 2682 translato,
882 2610 993 2671 dextra
1016 2611 1049 2670 in

37 2697 39 2704 ’
148 2696 243 2765 caput
263 2687 385 2748 Numae
403 2689 552 2768 imposita,
569 2702 708 2769 precatus
729 2690 774 2750 ita
794 2699 854 2751 est:
877 2689 1050 2784 “Juppiter

148 2776 245 2847 pater,
260 2768 287 2826 si
307 2777 352 2828 est
368 2769 414 2828 fas
434 2769 515 2830 huuc
533 2769 667 2830 Numam
683 2770 878 2849 Pompilium,
893 2791 979 2849 cujus
993 2791 1048 2850 ego
1061 2771 1103 2832 30

148 2855 242 2926 caput
263 2856 360 2921 teneo,
375 2869 475 2942 regem
501 2850 616 2910 Rornae
641 2871 711 2924 esse,
733 2851 779 2910 uti
801 2860 835 2911 tu
855 2851 942 2929 signa
962 2851 1048 2911 nobis

147 2937 232 2988 cert-a
254 2927 434 2989 adclarassis
457 2930 536 2991 inter
560 2952 609 2992 eos
633 2931 716 3004 fines,
741 2951 815 3010 quos
840 2930 926 2991 feci.''
969 2929 1047 2990 Tum

147 3008 266 3088 peregit
293 3009 396 3071 verbis
423 3012 568 3090 auspicia,
593 3032 671 3092 quae
698 3012 781 3072 mitti
805 3011 913 3090 velletr
939 3011 1048 3091 quibus

147 3090 246 3150 missis
261 3089 503 3170 declaratuarex
517 3092 622 3152 Numa
636 3093 674 3152 de
688 3092 802 3172 templo
817 3091 980 3152 deseendit.

187 3168 284 3234 XIX.
328 3170 392 3248 Qui
406 3192 498 3250 regno
512 3173 556 3252 ita
569 3173 684 3252 potitus
699 3173 804 3234 urbem
815 3191 936 3245 novam,
949 3171 1049 3231 condi·
1062 3171 1102 3232 35

145 3258 210 3311 tam
226 3251 259 3311 vi
272 3260 304 3312 et
317 3252 419 3326 armis,
430 3254 500 3331 jure
516 3259 583 3314 eam
601 3253 779 3333 legibusque
797 3273 835 3314 ao
857 3252 991 3312 moribus
1011 3252 1049 3311 de

146 3331 266 3410 integro
281 3331 412 3392 condere
425 3343 521 3412 parat.
563 3334 685 3410 Quibus
706 3354 776 3394 cum
797 3333 877 3392 inter
896 3330 978 3390 bella
998 3331 1049 3388 ad·

145 3418 283 3471 suescere
300 3413 421 3473 videret
441 3433 502 3472 uon
524 3433 618 3492 posse,
645 3414 773 3492 (quippe
795 3409 913 3471 efferari
935 3407 1049 3467 militia

145 3483 510 3572 animos,)“miti'gaudum
525 3493 656 3552 ferocem
670 3489 818 3570 populum
833 3505 987 3547 armorum
1001 3485 1050 3544 de·
