2520 3784
454 253 586 300 arena
612 254 635 318 1,
661 239 751 302 4-5.
1063 243 1109 306 21·

144 411 234 473 uxori
250 411 425 472 educandos
439 411 534 472 datos.
570 411 649 472 Sunt
663 412 716 491 qui
732 413 912 473 Larentiam
923 413 1053 494 vulgato

144 512 271 570 corpore
292 492 398 570 lupam
419 493 499 552 inter
519 502 653 570 pastores
669 503 808 554 vocatam
830 503 957 574 putent;
982 495 1054 556 inde

144 571 246 632 locum
262 571 386 632 fabulae
400 593 436 632 ac
451 572 601 632 miraculo
616 573 731 633 datum.

187 651 238 712 Ita
258 653 362 731 geniti
375 653 480 731 itaque
501 653 633 725 educati,
655 673 725 713 cum
753 653 886 732 primum
918 656 1054 719 adolevit

144 743 237 804 aetas,
253 753 309 792 nec
329 733 361 792 in
383 732 510 793 stabulis
526 753 581 792 nec
596 733 635 792 ad
652 754 760 813 pecora
784 754 896 814 segnes,
913 738 1053 799 venando
1089 739 1108 799 5

143 833 307 892 peragrare
321 813 425 873 saltus.
468 813 554 873 Hinc
570 813 676 874 robore
694 815 870 892 corporibus
885 817 1054 898 animisque

144 903 275 972 sumpto,
287 893 353 972 jam
364 915 425 953 non
437 893 516 954 feras
532 903 653 954 tantum
669 893 838 968 subsistere,
851 897 903 957 sed
917 898 949 956 in
965 898 1055 959 latro·

144 993 197 1032 nes
206 974 322 1052 praeda
331 983 453 1034 onustos
465 975 595 1054 impetus
606 974 714 1046 facere,
725 976 955 1057 pastoribusque
966 989 1055 1058 rapta

145 1053 292 1127 dividere,
304 1064 334 1115 et
349 1074 418 1115 cum
430 1055 486 1127 his,
499 1063 650 1116 crescente
666 1055 698 1115 in
715 1056 778 1116 dies
792 1077 884 1137 grege
893 1059 1052 1138 juvenum,

143 1135 223 1194 seria
238 1155 274 1195 ac
284 1135 368 1214 jocos
383 1134 543 1196 celebrare.
1069 1140 1107 1201 10

185 1216 225 1278 V.
254 1215 276 1277 J
278 1237 328 1275 am
338 1226 403 1275 tum
413 1217 444 1275 in
457 1215 579 1278 Palatio
591 1219 723 1296 [monte]
735 1219 888 1298 Lupercal
897 1219 955 1279 hoc
963 1219 1054 1280 fuisse

144 1296 299 1356 ludicrum
322 1297 433 1368 ferunt,
450 1306 480 1357 et
494 1319 513 1357 a
530 1298 700 1372 Pallanteo,
716 1300 792 1360 urbe
807 1300 969 1374 Arcadica,
985 1300 1054 1360 Pal·

143 1377 287 1451 lantium‚
310 1377 380 1437 dein
411 1377 567 1439 Palatium
599 1391 732 1440 montem
762 1379 961 1459 appellatum.
1004 1380 1054 1442 Ibi

144 1459 337 1531 Evandrum,
353 1459 406 1537 qui
427 1480 466 1519 ex
487 1481 522 1520 eo
543 1481 652 1539 genere
675 1461 835 1521 Arcadum
857 1461 962 1520 multis
983 1471 1054 1522 ante

143 1539 376 1618 tempestatibus
406 1541 538 1601 tenuerit
568 1540 644 1614 loca,
674 1541 820 1601 sollemne
855 1541 985 1601 allatum
1013 1561 1052 1602 ex
1069 1541 1107 1601 15

143 1619 283 1680 Arcadia
304 1621 478 1694 instituisse,
498 1630 532 1682 ut
554 1622 630 1681 nudi
648 1623 776 1701 juvenes
795 1621 950 1701 Lycaeum
966 1621 1053 1682 Pana

143 1710 322 1761 venerantes
333 1722 387 1780 per
399 1701 497 1762 lusum
511 1711 603 1781 atque
616 1702 775 1763 lasciviam
787 1711 951 1776 currerent,
963 1723 1052 1782 quem

143 1780 279 1841 Romani
294 1781 403 1842 deinde
418 1790 607 1843 vocaverunt
621 1782 743 1844 Inuum.

185 1861 271 1922 Huic
293 1861 403 1922 deditis
425 1862 555 1936 ludicro,
578 1883 648 1923 cum
674 1865 819 1924 sollemne
840 1874 946 1924 notum
967 1872 1052 1937 esset,

143 1941 302 2002 insidiatos
331 1941 370 2002 ob
398 1944 475 2003 iram
504 1944 637 2022 praedae
666 1945 794 2004 amissae
818 1944 959 2016 latrones,
982 1964 1050 2005 cum
1067 1943 1105 2006 20

143 2022 297 2083 Romulus
317 2023 348 2084 vi
371 2044 402 2083 se
423 2024 613 2090 defendisset.
637 2024 769 2084 Remum
791 2026 912 2103 cepisse,
927 2035 1051 2104 captum

143 2104 208 2182 regi
236 2102 365 2164 Amulio
394 2105 554 2164 tradidisse
583 2104 665 2164 ultro
694 2115 878 2164 accusantes.
920 2104 1051 2165 Crimini

144 2184 279 2244 maxime
300 2184 417 2245 dabant
439 2187 470 2244 in
493 2185 665 2245 Numitoris
687 2205 775 2263 agros
795 2184 886 2244 abiis
904 2185 1050 2263 impetum

143 2263 227 2337 fieri;
249 2265 321 2324 inde
340 2286 398 2338 eos,
414 2265 542 2325 collecta
560 2265 710 2344 juvenum
732 2285 835 2336 manu,
857 2264 995 2324 hostilem
1017 2266 1049 2324 in

103 2357 104 2362 ’
143 2345 268 2405 modum
284 2346 412 2424 praedas
434 2366 531 2425 agere.
575 2345 625 2405 Sic
640 2344 679 2404 ad
694 2345 879 2425 supplicium
894 2343 1049 2405 Numitori
1065 2343 1104 2406 25

143 2425 260 2486 Remus
273 2426 405 2487 deditur.

183 2507 257 2569 Jam
278 2506 349 2567 inde
370 2506 408 2567 ab
430 2507 517 2569 initio
539 2507 689 2568 Faustulo
711 2527 777 2586 spes
799 2507 909 2579 fuerat,
932 2506 1048 2586 regiam

143 2587 269 2668 stirpem
282 2588 364 2667 apud
376 2609 407 2648 se
417 2589 559 2648 educari:
575 2609 647 2648 nam
662 2597 693 2648 et
707 2588 859 2667 expositos
870 2589 955 2667 jussu
971 2589 1049 2666 regis

144 2669 277 2730 infantes
296 2669 419 2743 sciebat,
434 2679 465 2730 et
486 2678 614 2748 tempus,
636 2689 697 2747 quo
718 2668 782 2747 ipse
803 2689 852 2728 eos
873 2669 1048 2742 sustulisset,

143 2749 229 2810 adid
245 2750 345 2828 ipsum
360 2769 544 2828 congruere3
566 2749 618 2808 sed
634 2769 696 2808 rem
714 2748 899 2809 inmaturam
916 2750 973 2809 nisi
994 2761 1048 2809 aut
1063 2750 1102 2811 30

165 2851 197 2888 er
212 2830 399 2890 occasionem
414 2842 468 2890 aut
482 2849 536 2909 per
551 2830 759 2890 necessitatem
776 2830 887 2908 aperiri
899 2829 1047 2890 noluerat.

143 2851 314 2970 Necessitas
342 2911 425 2989 prior
445 2911 546 2982 venit;
569 2911 613 2969 ita
637 2920 721 2970 metu
746 2908 890 2969 subactus
916 2909 1047 2970 Romulo

143 3011 208 3049 rem
236 2990 343 3068 aperit.
385 2990 479 3050 Forte
505 2999 536 3051 et
563 2990 728 3062 Numitori,
751 3010 822 3049 cum
850 2990 882 3048 in
911 2990 1048 3050 custodia

144 3071 276 3130 Remum
305 3070 431 3131 haberet
459 3070 650 3148 audissetque
678 3070 813 3149 geminos
841 3090 902 3130 esse
931 3071 1047 3141 iratres,

145 3151 349 3230 comparando
371 3160 401 3211 et
422 3161 551 3212 aetatem
574 3171 677 3210 eorum
693 3160 724 3210 et
738 3151 835 3228 ipsam
851 3149 975 3208 minime
989 3169 1047 3209 ser·
1063 3148 1100 3208 35

144 3231 237 3292 vilem
252 3231 395 3304 indolem,
410 3233 553 3310 tetigerat
572 3231 708 3290 animum
726 3230 871 3289 memoria
885 3239 1047 3304 nepotum

144 3311 385 3390 sciscitandoque
405 3312 508 3372 eodem
531 3311 679 3390 pervenit,
694 3319 729 3370 ut
743 3310 820 3370 haut
834 3309 941 3388 procul
963 3318 1046 3380 esset,

144 3392 218 3468 quin
234 3391 366 3450 Remum
380 3400 563 3469 agnosceret.

185 3469 235 3531 Ita
259 3471 395 3550 undique
419 3472 483 3550 regi
511 3471 599 3530 dolus
628 3468 769 3530 nectitur.
811 3464 961 3526 Romulus
985 3482 1045 3522 non
