2562 3788
398 270 532 316 arana
559 270 673 336 xxn,
702 256 832 319 51-53.
1045 258 1109 323 195

147 427 283 488 nummis
297 427 496 506 quadrigatis‚
510 427 542 487 in
557 427 652 488 socios
667 427 801 500 ducenis,
817 428 849 488 in
870 449 972 492 servos
987 451 1055 492 cen·

147 509 237 579 ienis,
252 518 283 567 et
299 517 332 566 ut
347 527 382 568 eo
401 508 499 585 pretio
519 508 671 586 persoluto
694 527 763 568 oum
784 509 912 588 singulis
934 510 1055 574 abirent

148 587 348 660 vestimentis,
371 589 403 646 in
424 598 524 647 eastra
544 587 637 648 hostis
659 600 861 666 acceperunt3
890 590 1057 671 traditique

150 667 182 726 in
211 667 381 728 custodiam
410 688 513 728 omnes
539 677 620 740 sunt,
644 689 777 729 seorsum
807 669 887 731 cives
915 673 1055 752 sociique.

151 747 235 806 Dum
258 747 301 807 ibi
322 757 442 826 ternpus
464 749 581 820 teritur,
603 748 719 809 interea
739 769 810 809 cnm
833 770 872 810 ex
893 754 1057 832 majoribus
1091 756 1110 817 5

151 828 266 899 castris,
282 827 393 906 quibus
406 829 479 890 satis
494 829 607 888 virium
621 838 652 888 et
665 829 762 889 animi
776 830 844 902 fuit,
859 832 899 892 ad
914 844 1057 914 quattuor

151 908 238 967 milia
259 907 416 967 hominum
439 917 469 968 et
490 908 613 968 ducenti
628 909 752 988 equites,
775 910 830 970 alii
852 915 982 992 agmine,
1003 917 1056 976 alii

151 987 249 1067 palati
274 988 386 1066 passim
411 1009 465 1067 per
488 1009 585 1067 agros,
609 989 690 1069 quod
716 990 800 1051 haud
828 994 928 1056 minus
956 1006 1057 1056 tutum

152 1078 228 1141 erat,
253 1067 418 1128 Canusium
445 1070 656 1148 perfugissent,
680 1080 781 1132 castra
802 1074 867 1153 ipsa
888 1076 927 1137 ab
948 1077 1057 1138 sauciis

151 1149 328 1228 timidisque
343 1149 447 1208 eadem
464 1150 641 1210 condicione
652 1171 714 1231 qua
728 1153 826 1214 altera
839 1156 955 1216 tradita
969 1157 1056 1218 hosti.
1072 1155 1111 1218 10

152 1229 273 1290 Praeda
288 1230 393 1308 ingens
410 1241 498 1308 parta
511 1241 573 1304 est;
588 1243 618 1292 et
633 1243 754 1312 praeter
767 1256 859 1314 equos
873 1238 1013 1316 virosque
1027 1247 1057 1298 et

151 1309 265 1390 siquid
281 1311 400 1388 argenti
416 1312 512 1390 (quod
528 1313 693 1391 plurimum
712 1314 744 1373 in
759 1316 893 1395 phaleris
911 1338 1058 1396 equorum

153 1403 233 1464 erat;
262 1413 334 1452 nam
363 1392 402 1452 ad
432 1394 614 1454 vescendum
646 1396 728 1457 facto
756 1398 931 1476 perexiguo,
953 1398 1058 1476 utique

152 1474 331 1546 militantes,
340 1473 521 1548 utebantur)
533 1477 631 1537 omnis
646 1488 747 1538 cetera
760 1477 875 1557 praeda
886 1477 1058 1557 diripienda

152 1556 225 1615 data
251 1564 304 1615 est.
346 1555 424 1614 Tum
449 1556 616 1635 sepeliendi
642 1578 733 1619 causa
758 1557 889 1619 conferri
909 1558 940 1617 in
962 1579 1057 1618 unum
1073 1557 1111 1619 15

153 1657 281 1716 corpora
300 1657 424 1697 suorum
441 1638 549 1716 jussit;
571 1638 610 1698 ad
627 1650 695 1699 octo
709 1639 796 1700 milia
810 1638 902 1699 fuisse
915 1639 1059 1699 dicuntur

153 1718 384 1780 fortissimorum
414 1720 559 1780 virorum.
603 1719 765 1782 Consulem
794 1739 914 1799 quoque
948 1719 1058 1780 Roma·

152 1819 227 1858 num
263 1797 466 1879 conquisitum
508 1800 722 1880 sepultumque
755 1800 881 1880 quidam
920 1809 1058 1861 auctores

152 1891 232 1941 sunt.

193 1962 264 2034 Eos,
279 1962 331 2042 qui
346 1961 514 2024 Canusium
537 1961 743 2042 perfugerant,
760 1961 870 2022 mulier
882 1961 989 2041 Apula
1007 1981 1058 2022 no·
1073 1960 1112 2022 20

152 2044 234 2104 mine
249 2043 341 2118 Busa,
352 2065 461 2122 genere
475 2043 560 2104 clara
575 2063 611 2103 ac
626 2043 751 2116 divitiis,
765 2042 923 2102 moenibus
937 2051 1058 2102 tantum

152 2125 300 2204 tectisque
320 2146 338 2184 a
359 2124 522 2184 Canusinis
544 2133 691 2202 acceptos,
712 2125 874 2196 frumento,
889 2131 980 2194 veste,
995 2122 1059 2182 via·

153 2205 213 2266 tico
227 2205 433 2346 etiamquvit3
448 2225 503 2284 pro
518 2225 580 2284 qua
595 2204 622 2264 ei
636 2203 846 2264 munificentia
856 2211 968 2282 postea,
978 2200 1057 2263 bello

152 2286 295 2366 perfecto,
311 2307 329 2346 a
363 2295 471 2346 senatu
487 2286 614 2346 honores
628 2285 727 2345 habiti
743 2292 823 2344 sunt.

192 2366 284 2427 LIII.
326 2366 468 2427 Ceterum
484 2387 553 2427 oum
569 2365 612 2426 ibi
628 2364 745 2426 tribuni
766 2363 900 2424 militum
914 2371 1058 2442 quattuor
1072 2360 1111 2421 25

151 2459 258 2520 essent,
268 2446 383 2508 Fabius
398 2447 555 2507 Maximus
570 2447 608 2506 de
622 2446 741 2525 legione
752 2446 860 2524 prima,
872 2445 957 2523 cujus
972 2454 1058 2523 pater

149 2529 254 2606 priore
268 2549 348 2587 anuo
363 2529 496 2589 dictator
510 2527 619 2600 fuerat,
636 2537 665 2588 et
680 2526 718 2587 de
733 2525 853 2605 legione
872 2525 1006 2584 secunda
1020 2524 1056 2584 L.

152 2608 312 2669 Publicius
327 2609 457 2669 Bibulus
472 2618 502 2669 ot
513 2608 547 2668 P.
558 2606 718 2669 Cornelius
729 2606 841 2685 Scipio,
851 2614 881 2665 et
891 2605 929 2664 de
940 2604 1057 2683 legione

151 2690 243 2750 tertia
267 2690 327 2769 Ap.
357 2689 505 2750 Claudius
534 2688 676 2761 Pulcher,
702 2689 756 2767 qui
777 2685 923 2766 proxima
950 2684 1057 2745 aedilis

151 2768 262 2842 fuerat,
278 2770 414 2830 omniurn
429 2790 575 2830 consensu
590 2770 628 2829 ad
645 2769 679 2828 P.
696 2767 869 2847 Scipionem
891 2765 1056 2825 admodum
1072 2760 1111 2822 30

151 2850 376 2990 qdlulescentem
405 2859 436 2911 et
462 2850 502 2911 ad
526 2849 587 2930 Ap.
614 2849 779 2910 Claudium
805 2867 924 2908 summa
948 2845 1056 2924 imperi

173 2942 256 2990 eata
276 2940 329 2991 est.

192 3011 314 3088 Quibus
335 3010 578 3072 consultantibus
599 3010 679 3071 inter
699 3025 812 3090 paitcos
827 3008 866 3068 de
880 3026 999 3068 summa
1013 3026 1057 3066 re

151 3111 218 3150 rum
241 3091 365 3152 nuntiat
387 3091 419 3152 P.
443 3091 556 3151 Furius
570 3091 687 3164 Philus,
704 3089 872 3151 consularis
887 3089 946 3149 viri
967 3086 1055 3158 iilius,

152 3173 356 3251 ‘nequiquam
378 3192 427 3231 eos
448 3171 599 3251 perditam
619 3193 702 3250 spem
724 3170 843 3241 fovere;
866 3167 1055 3246 desperatam
1071 3161 1110 3221 35

151 3251 421 3331 conploratamque
441 3273 504 3312 rem
525 3271 587 3311 esse
608 3251 780 3331 publicam:
802 3248 918 3309 nobiles
928 3249 1056 3327 juvenes

151 3332 309 3411 quosdam,
321 3352 449 3410 quorum
465 3332 632 3410 prinoipem
649 3331 685 3391 L.
701 3330 868 3390 Caecilium
884 3327 1055 3396 Metellum,

151 3433 235 3471 mare
257 3431 294 3470 ac
315 3431 408 3470 naves
428 3422 572 3488 spectare,
589 3419 623 3468 ut
639 3410 758 3468 deserta
775 3407 868 3467 Italia
880 3406 927 3464 -ad
950 3423 1056 3480 regum

150 3489 286 3570 aliquem
311 3489 537 3569 transfugiant’
579 3487 671 3564 Quod
694 3487 818 3556 malum,
843 3493 1057 3561 praeterquam
