2568 3782
131 201 194 268 102
296 219 593 270 r1r1n1vrna
620 221 736 270 varan
766 222 962 272 cosman

183 377 281 458 gentis
301 377 534 460 quinquaginta,
555 379 724 460 Liguribus
744 336 896 455 tricentis,
912 381 1099 445 Baliaribus

63 480 114 548 ’.ἢ
137 499 148 538 ,ι
183 461 354 552 quisperatis.
409 461 461 522 Ad
495 462 569 524 haec
603 453 995 541 peditumauxiliaadditl
1009 465 1098 542 equi-

184 550 228 600 tes
256 539 508 620 Lrbyphoenices,
532 542 666 602 mixtum
694 541 848 602 Punicum
874 542 962 602 Afris
987 565 1098 622 genus,

184 619 401 700 quadringenti
427 620 647 700 quinquaqinta,
668 630 706 682 ,et
733 622 887 682 Numidae
918 623 1095 702 Maurique,

151 701 305 764 baceolae
330 700 456 773 Oceani,
478 701 517 761 ad
539 701 625 762 mille
647 701 878 780 octingentiet
899 724 998 782 parva
1018 704 1096 764 ller-

183 791 288 860 getum
314 801 422 842 manus
447 802 486 840 ex
509 780 673 862 Hispania,
694 781 821 842 ducenti
845 785 972 862 equites,
993 794 1033 856 et,
1055 789 1095 845 'ne

184 861 266 940 quod
275 861 428 928 ,terrestris
442 861 557 923 deesset
571 861 682 922 auxilii
695 882 800 942 genus,
812 862 968 942 elephanti
980 865 1093 944 viginti

184 925 418 1032 unusJClClassis
429 953 586 1022 praeterea
596 943 670 1003 data
684 941 722 1002 ad
735 943 882 1003 tuendam
894 944 1094 1004 maritumam

184 1043 279 1095 oram,
293 1024 375 1104 quia,
390 1044 451 1104 qua
465 1021 553 1103 parte
572 1023 648 1084 belli
663 1023 812 1096 vicerant,
827 1031 864 1084 ea
884 1033 952 1084 tum
972 1045 1094 1104 qnoque

132 1105 250 1168 101sm
273 1114 409 1183 gesturos
435 1103 590 1164 Romanos
610 1104 694 1165 credi
716 1113 845 1184 poterat,
867 1105 1094 1184 quinquaginta

184 1184 423 1263 quinqueremes,
438 1183 646 1263 quadriremes
667 1185 756 1256 duae,
778 1185 918 1264 triremes
938 1185 1093 1265 quinque3

184 1263 237 1324 sed
251 1276 341 1346 aptae
351 1265 577 1344 instructaeque
588 1265 714 1344 remigio
725 1265 854 1344 triginta
868 1275 899 1325 et
912 1265 991 1325 duae
1006 1269 1094 1346 quin·

186 1365 340 1424 queremcs
354 1355 442 1406 erant
456 1355 486 1406 et
499 1346 637 1406 triremes
652 1346 795 1425 quinque.
867 1365 870 1372 ·

225 1424 277 1486 Ab
306 1425 445 1487 Gadibus
472 1425 691 1505 Carthaginem
718 1427 758 1486 ad
787 1425 918 1488 hiberna
940 1427 1094 1490 exercitus

133 1511 172 1572 16
185 1507 291 1580 rediit;
307 1515 400 1586 atque
413 1506 485 1566 inde
496 1506 649 1586 profectus
663 1516 785 1587 praeter
791 1504 804 1588 J
816 1507 968 1568 Omissam
983 1507 1094 1570 urbem

186 1588 225 1648 ad
247 1585 401 1648 Hiberum
422 1586 576 1648 maritima
600 1607 655 1647 cra
679 1561 867 1649 ducib'llbi
888 1589 973 1654 fama
992 1597 1039 1650 est
1060 1589 1093 1648 in

110 1695 114 1702 ·
207 1669 287 1728 uiete
301 1668 400 1729 visum
416 1667 455 1727 ab
470 1688 505 1728 eo
514 1668 661 1747 juvenem
676 1667 762 1731 divin
783 1669 977 1748 specie-qui
999 1689 1031 1730 se
1052 1669 1093 1729 ab

186 1689 266 1811 dove
286 1749 402 1808 diceret
421 1748 530 1808 ducem
550 1748 583 1808 in
604 1747 730 1808 Italiam
751 1747 928 1809 Hannibali
948 1750 1092 1813 missum:

185 1829 314 1909 proinde
338 1818 522 1908 sequeretur,
543 1849 641 1908 neque
664 1849 793 1908 usquam
817 1849 837 1890 a
861 1851 893 1890 se
918 1830 1094 1891 deflecteret

133 1914 172 1976 20
186 1910 297 1970 oculos.
340 1909 492 1971 Pavidum
507 1909 615 1989 primo,
629 1930 782 1987 nusquam
796 1910 1093 1990 circumspicientem

187 2000 242 2050 aut
262 1990 480 2070 respicientem,
495 1999 632 2050 secutum
643 1981 665 2086 ζ
673 1990 784 2050 deinde
805 2011 880 2050 cura
900 1991 1017 2070 ingenii
1038 1991 1093 2051 hu-

186 2071 283 2150 mani,
295 2092 374 2143 cum,
392 2071 539 2150 quidnam
561 2071 593 2130 id
614 2078 691 2130 esset
711 2071 793 2150 quod
814 2067 962 2150 respicere
978 2067 1093 2134 uetitus

187 2160 272 2225 esset,
297 2147 428 2291 agitaret
451 2151 563 2224 animo,
587 2160 758 2231 temperare
782 2151 878 2212 oculis
902 2137 1122 2240 nequivisse3)

189 2242 254 2294 tum
274 2233 305 2294 vi
328 2231 385 2293 isse
406 2241 475 2312 post
498 2253 561 2293 sese
585 2242 757 2311 serpentem
777 2233 856 2293 mira
879 2233 1094 2311 magnitudine

133 2318 173 2379 25
188 2335 258 2375 cum
273 2314 390 2392 ingenti
404 2313 549 2374 arboruln
563 2334 599 2372 ac
614 2313 819 2392 virgultorum
839 2323 943 2392 strage
956 2313 1040 2387 ferri,
1055 2335 1093 2376 ae

187 2404 255 2476 post
271 2394 388 2474 insequi
405 2415 475 2454 cum
493 2395 613 2474 fregere
628 2393 706 2454 caeli
719 2394 868 2454 nimbum.
911 2391 1000 2468 Tem,
1014 2415 1094 2474 quae

186 2475 280 2538 moles
301 2495 337 2536 ea
357 2475 471 2554 quidve
491 2474 625 2590 proqigii
645 2483 731 2548 esset,
745 2484 940 2553 quaerentem
961 2474 1094 2550 audisse,

186 2557 363 2620 vastitatem
377 2555 489 2616 Italiae
503 2575 583 2629 esse3
604 2563 744 2635 pergeret
758 2555 917 2634 porroire,
930 2575 988 2616 nec
1008 2555 1094 2618 ultra

187 2638 362 2718 inquireret,
376 2637 546 2717 sineretque
561 2638 626 2698 t'ata
640 2637 673 2696 in
687 2637 806 2698 occulto
821 2656 891 2696 esse.

134 2723 173 2786 30
228 2718 360 2781 XXIII.
415 2717 487 2780 Hoc
514 2718 582 2780 visu
616 2717 714 2778 laetus
748 2717 903 2796 tripertito
937 2715 1093 2778 Hiberum

189 2799 291 2882 copias
305 2799 435 2880 trajecit,
450 2798 623 2880 praemissis
638 2798 691 2879 qui
706 2797 869 2860 Gallorum
888 2797 1016 2874 animos,
1030 2819 1094 2878 qua

188 2881 394 2944 traducendus
409 2880 560 2942 exercitus
579 2889 654 2953 erat,
670 2880 758 2940 donis
779 2878 990 2954 conciliarent,
1004 2879 1094 2958 Alpi·

188 2983 301 3042 umque
329 2962 475 3023 transitus
502 2961 740 3041 specularentur.
796 2959 977 3039 Nonaginta
1004 2959 1094 3020 milia
1173 3013 1175 3018 ,

135 3127 174 3188 a
188 3039 928 3186 erleinsessaeernere
942 3039 1093 3182 {ellel-

220 3146 289 3185 ere
321 3146 366 3184 s1
569 3146 578 3182 ι
1081 3153 1093 3166 ·

188 3147 315 3278 ιιιιιὶξιιι,
324 3225 402 3282 quae
412 3145 548 3282 subjeeia
559 3144 723 3284 Pyiinaeis
734 3201 888 3263 montibus
899 3210 953 3275 est,
961 3199 1092 3279 subegit,

188 3305 320 3364 oraeque
344 3285 416 3344 huic
441 3283 523 3344 omni
548 3283 694 3361 praefecit
714 3282 912 3356 Hannonem,
927 3289 963 3342 ut
979 3281 1092 3354 falices,

189 3385 267 3444 quae
288 3365 456 3444 Hispanias
477 3364 588 3424 Galliis
605 3363 752 3442 jungunt,
767 3363 799 3421 in
816 3369 965 3440 potestate
985 3369 1092 3424 essent.

190 3444 304 3508 Decem
318 3445 405 3504 milia
421 3444 556 3522 peditum
578 3443 727 3504 Hannoni
748 3442 789 3502 ad
809 3441 995 3521 praesidium
1016 3440 1093 3504 oau-

1019 3663 1089 3774 «ιῇ
1125 3768 1133 3771 ,,
