2568 3782
180 217 243 282 128
351 234 441 281 r1u1
469 233 566 281 u1v1
592 233 647 280 aa
673 231 788 281 vasa
814 231 1006 280 conum

231 400 263 454 et
280 391 426 452 memoria
444 391 526 452 circa
546 411 582 451 ea
603 392 669 470 ipsa
689 390 757 450 loca
778 399 932 469 gestarum
946 410 1050 450 rerum
1064 389 1141 452 freti

232 483 263 534 et
278 472 410 532 rnilitum
426 472 625 532 multitudine
640 491 676 530 ac
690 472 812 532 virtute.

38 579 51 616 r
155 623 159 632 ¹
273 552 310 612 L.
353 552 417 614 Ubi
432 553 462 610 in
478 552 573 611 altum
596 552 694 612 evecti
713 560 794 624 sunt,
809 551 967 612 Romanus
981 572 1143 612 conserere

28 620 61 662 '¹⁴
233 653 368 712 pugnam
384 642 466 691 etex
503 631 1011 709 ropinquoviresooni'errevelle3
1031 643 1143 692 eontra

90 763 93 769 .
189 713 220 772 a
234 714 358 773 eludere
372 653 639 784 PoenTahu-urte,
656 731 716 771 non
732 711 772 784 vi,
787 732 851 770 rem
872 731 984 789 gerere,
1000 713 1142 772 navium·

234 813 294 872 que
317 813 410 872 quam
433 794 568 854 virorum
597 803 652 852 aut
679 812 835 851 armorum
863 792 956 851 malle
984 803 1141 852 certarnen

234 877 343 934 i'acere.
385 873 416 932 N
418 894 473 932 am·
483 882 517 932 ut
529 873 618 932 sociis
633 872 795 934 navalibus
810 871 941 932 adfatim
955 872 1141 932 instructam

235 953 369 1026 classem,
391 955 436 1012 ita
456 954 577 1031 inopem
599 953 697 1012 milite
718 951 880 1024 habebant,
896 963 935 1025 et,
950 953 1050 1012 sicubi
1070 973 1141 1012 eou-
1187 1023 1190 1030 ⁴

234 1045 315 1094 serta
336 1035 425 1095 navis
445 1047 529 1104 esset,
546 1033 775 1112 hautquaquam
797 1053 854 1111 par
874 1053 1019 1092 numerus
1040 1053 1141 1092 arma·

183 1113 222 1175 10
236 1125 336 1175 torum
362 1135 401 1174 ex
424 1133 460 1174 ea
483 1113 649 1192 pugnabat.
693 1113 786 1190 Quod
809 1112 863 1172 ubi
891 1113 1140 1174 animadversum

236 1204 288 1268 est,
304 1205 334 1256 et
349 1194 495 1256 Romanis
511 1194 677 1254 multitudo
691 1215 746 1255 sua
761 1195 850 1254 auxit
868 1194 1007 1254 animum
1021 1203 1052 1254 et
1066 1213 1141 1273 pau·

236 1276 312 1336 citas
327 1275 389 1335 illis
403 1276 522 1334 minuit.
565 1274 732 1354 Extemplo
752 1283 868 1352 septem
889 1295 983 1337 naves
1003 1273 1142 1334 Punicae

237 1357 472 1428 circumventae,
501 1355 606 1433 fugam
634 1365 751 1415 ceterae
779 1363 934 1433 ceperunt.
989 1354 1081 1414 Mille
1109 1363 1141 1414 et

236 1437 422 1516 septingenti
433 1437 517 1495 fuere
532 1437 564 1494 iu
579 1435 709 1495 navibus
723 1435 820 1513 captis
831 1436 944 1495 milites
958 1446 1139 1514 nautaeque,

185 1519 224 1578 15
238 1518 271 1576 in
294 1517 341 1576 his
364 1526 424 1576 tres
447 1516 564 1576 nobiles
589 1515 899 1594 Carthaginiensium.
942 1515 1055 1576 Classis
1081 1515 1140 1576 Ro-

238 1617 330 1658 mana
350 1597 519 1669 incolumis,
541 1617 603 1656 una
623 1605 745 1656 tanturn
765 1596 920 1676 perforata
940 1597 1022 1669 navi,
1037 1596 1090 1656 sed
1105 1616 1142 1656 ea

238 1697 358 1758 quoque
373 1679 438 1756 ipsa
452 1677 571 1750 reduce,
587 1678 617 1736 in
634 1687 755 1752 portum
769 1677 871 1737 rediit.

278 1757 451 1818 Secundum
467 1758 545 1818 hano
559 1777 703 1838 pugnam,
718 1757 853 1817 nondum
874 1758 978 1837 gnaris
999 1758 1066 1838 ejus
1087 1757 1141 1836 qui

240 1839 398 1898 Messanae
423 1848 519 1912 erant,
545 1838 590 1898 Ti.
616 1838 812 1917 Sempronius
836 1838 942 1898 consul
967 1837 1141 1898 Messanam

184 1921 223 1980 20
233 1919 324 1978 venit.
367 1918 406 1976 Ei
428 1918 539 1978 fretum
560 1918 688 1977 intranti
709 1938 763 1978 rex
784 1918 881 1976 Hiero
903 1916 1027 1976 classem
1048 1938 1143 1976 crota

233 2005 291 2055 tom
319 2008 518 2076 ornatamque
546 1997 669 2058 obviam
698 1997 797 2069 duxit,
820 2007 1083 2076 transgressusque
1103 2017 1142 2055 ex

239 2075 324 2154 regia
338 2076 369 2134 in
385 2076 568 2154 praetoriam
583 2096 703 2148 navem,
718 2076 891 2154 gratulatus
911 2077 1054 2154 sospitem
1072 2095 1142 2136 cum

239 2157 375 2216 exercitu
391 2165 421 2216 et
435 2156 564 2216 niivibus
578 2156 736 2216 advenisse
752 2167 949 2235 precatusque
964 2176 1141 2235 prosperum

239 2257 276 2295 ao
298 2235 418 2296 felicem
441 2237 472 2294 in
496 2236 631 2296 Siciliam
654 2238 825 2307 transitum,
840 2247 953 2297 statum
973 2237 1084 2295 deiude
1098 2238 1141 2296 in-

187 2316 226 2377 25
239 2315 324 2376 sulae
347 2327 377 2376 et
400 2315 697 2395 Carthaginiensium
720 2327 830 2376 conata
851 2318 1000 2396 exposuit,
1025 2317 1142 2396 pollici-

240 2407 415 2476 tusqueest.
430 2417 489 2475 quo
509 2398 611 2457 animo
634 2398 735 2476 priore
759 2396 838 2460 bello
862 2397 1009 2476 populum
1034 2398 1143 2460 Roma·

240 2498 313 2537 nuru
334 2478 456 2556 juvenis
479 2477 653 2556 adjuvisset,
679 2498 713 2537 eo
735 2497 836 2536 senem
861 2479 1058 2558 adjuturum3
1081 2482 1142 2538 l'ru-

241 2567 377 2618 mentum
389 2558 628 2637 vestimentaque
641 2579 704 2617 sese
719 2558 888 2636 legionibus
900 2559 1031 2620 consulis
1044 2560 1143 2619 sociis·

241 2659 299 2718 que
315 2637 475 2698 navalibus
490 2640 584 2716 gratis
599 2639 825 2716 praebiturum
842 2639 958 2722 grande
973 2640 1143 2719 periculum

187 2719 227 2781 30
241 2719 391 2797 Lilybaeo
414 2719 643 2797 maritumisque
671 2719 848 2779 civitatibus
877 2740 946 2792 esse,
969 2729 999 2781 et
1023 2721 1144 2800 quibus·

51 2798 180 2866 3225!
241 2800 312 2859 dam
340 2797 512 2859 volentibus
540 2819 634 2859 novas
662 2819 708 2859 res
736 2801 808 2860 fore.
851 2800 900 2860 Ob
925 2801 1000 2860 haec
1025 2803 1143 2861 consuli

191 2930 195 2939 ,
240 2880 318 2940 nihil
354 2880 561 2940 cunctandum
590 2880 687 2940 visum
723 2881 798 2958 quin
833 2880 1015 2960 Lilybaeum
1050 2881 1144 2941 classe

187 2952 204 2976 '‘
240 2970 364 3040 peteret.
400 2959 443 3020 Et
457 2981 511 3018 rex
526 2960 668 3038 regiaque
683 2959 784 3019 classis
800 2981 861 3019 uua
876 2961 1012 3039 profecti.
1043 2959 1144 3025 ,Navi-

223 3051 347 3120 gantes
375 3041 454 3112 inde,
479 3050 649 3118 pugnatum
675 3039 715 3099 ad
740 3040 925 3118 Lilybaeum
949 3041 1091 3119 fusasque
1114 3051 1144 3101 et

187 3121 227 3182 35
242 3133 345 3200 captas
366 3121 498 3180 hostium
520 3140 621 3191 naves,
642 3139 792 3198 accepere.
828 3125 866 3204 ᾖ
931 3185 935 3195 ,
965 3152 1002 3203 ,(-ύ
1026 3126 1077 3202 {y

283 3203 336 3261 LI.
379 3200 410 3260 A
421 3199 570 3278 Lilybaeo
585 3200 699 3271 consul,
717 3200 851 3262 Hierone
867 3199 936 3260 oum
951 3200 1045 3260 classe
1059 3201 1144 3280 regia

241 3280 363 3340 dimisso
379 3279 542 3356 relictoque
554 3289 691 3356 praetore
706 3280 744 3338 ad
759 3280 904 3338 tuendam
916 3280 1038 3340 Siciliae
1050 3301 1143 3352 oram,

241 3360 304 3436 ipse
327 3360 358 3417 in
382 3358 512 3417 insulam
536 3358 685 3428 Melitam,
700 3379 777 3436 quae
799 3379 818 3416 a
840 3357 1145 3436 Carthaginiensibus

241 3439 410 3510 tenebatur,
434 3438 561 3516 trajecit.
603 3437 790 3497 Advenienti
815 3438 978 3499 Hamilcar
1000 3438 1145 3520 Gisgonis
