2568 3782
421 217 554 271 uranu
580 219 672 284 xxx,
700 204 829 270 50-52.
1063 211 1126 276 lae

168 375 259 448 filius,
276 373 447 454 praefectus
461 377 614 454 praesidii,
630 397 699 438 cum
716 379 810 458 paulo
832 381 932 443 minus
955 383 1073 445 duobus

168 455 293 516 milibus
319 455 453 515 militum
479 457 685 536 oppidumque
709 480 780 520 curn
804 461 906 523 insula
930 465 1072 527 traditur.

168 536 246 597 Inde
260 545 328 615 post
342 556 455 614 paucos
469 537 533 596 dies
548 537 678 598 reditum
693 539 886 620 Lilybaeum,
899 546 1073 625 captivique

168 627 199 678 et
213 638 232 677 a
246 615 372 676 consule
385 625 417 675 et
430 637 449 676 a
464 627 608 693 praetore,
624 630 744 697 praeter
758 621 891 702 insignes
912 625 1072 686 nobilitate

169 699 258 770 viros,
274 697 330 756 sub
346 717 457 756 corona
472 698 640 758 venierunt.
683 698 848 780 Postquam
869 703 908 765 ab
930 725 966 764 ea
987 716 1072 784 parte
1107 709 1126 769 5

168 779 242 840 satis
257 787 355 838 tutam
372 776 508 838 Siciliam
524 779 665 840 censebat
679 781 794 854 consul,
810 783 850 842 ad
865 784 980 846 insulas
996 785 1072 848 Vul-

169 859 248 932 cani,
263 859 336 938 quia
350 858 433 918 fama
451 869 517 919 erat
537 867 617 920 sture
634 860 677 920 ibi
700 860 848 924 Punicam
863 864 998 938 classem,
1012 876 1072 928 tra·

170 940 263 1019 jecit;
284 959 340 999 nec
355 939 516 1017 quisquam
531 940 662 1000 hostium
678 942 760 1002 circa
774 963 824 1003 eas
839 945 953 1006 insulas
968 947 1071 1008 inven-

169 1030 235 1092 tus;
257 1041 329 1080 narn
352 1022 429 1079 ibrte
451 1021 679 1082 transmiserant
700 1023 741 1082 ad
758 1025 938 1086 vastandam
961 1026 1072 1088 Italiae

169 1122 264 1173 oram,
286 1100 530 1180 depopulatoque
545 1101 726 1164 Viboniensi
746 1125 830 1183 agro,
853 1105 958 1166 urbem
979 1109 1126 1172 etiam10

169 1181 334 1241 terrebant.
377 1180 539 1260 Repetenti
553 1181 690 1243 Siciliam
705 1185 821 1245 consuli
836 1188 989 1247 exscensio
1007 1189 1072 1249 hos·

169 1263 246 1323 tium
271 1262 304 1322 in
326 1281 435 1341 agrum
455 1261 672 1323 Viboniensem
694 1264 778 1324 facta
799 1267 969 1342 nuntiatur,
993 1268 1071 1329 litte·

169 1362 281 1422 raeque
302 1341 342 1402 ab
362 1351 469 1402 senatu
487 1342 524 1402 de
543 1343 674 1414 transitu
687 1345 719 1404 in
735 1344 859 1406 Italiam
874 1347 1070 1422 Hannibalis,

168 1433 200 1484 et
214 1432 249 1483 ut
264 1423 362 1502 primo
377 1443 495 1503 quoque
506 1432 640 1504 tempore
651 1425 794 1505 conlegae
804 1426 896 1488 ferret
910 1429 1071 1502 auxilinm,

169 1504 279 1564 missae
292 1503 466 1564 traduntur.
509 1503 617 1566 Multis
638 1505 729 1566 sirnnl
750 1507 863 1566 anxius
885 1509 966 1568 curis
988 1529 1071 1569 exer·
1087 1511 1126 1572 15

169 1585 266 1644 citum
285 1584 439 1664 extemplo
460 1585 492 1646 in
512 1605 605 1646 naves
624 1586 787 1665 inpositum
803 1586 978 1648 Ariminum
994 1590 1071 1650 mari

169 1685 278 1744 supero
306 1665 397 1738 misit,
422 1665 514 1726 Sexto
543 1665 711 1744 Pomponio
739 1667 840 1746 legato
865 1689 934 1728 curn
959 1670 1070 1748 viginti

170 1747 306 1825 quinque
326 1745 424 1825 longis
445 1746 575 1806 navibus
589 1746 807 1808 Viboniensem
828 1769 936 1827 agrum
957 1751 1071 1811 mariti-

170 1846 313 1906 mamque
326 1847 410 1887 oram
426 1826 536 1887 Italiae
550 1827 694 1888 tuendam
710 1827 869 1902 adtribuit,
881 1829 924 1890 M.
936 1830 1071 1891 Aemilio

170 1907 304 2046 praetori
339 1908 561 1987 quinquaginta
595 1908 723 1969 navium
762 1909 887 1969 classem
925 1911 1069 1990 explevit.
1087 1913 1127 1975 20

190 2009 249 2066 pse,
267 1988 429 2066 conpositis
449 1987 572 2048 Siciliae
593 1988 692 2061 rebus,
713 1989 814 2049 decem
837 1989 966 2052 navibus
987 2011 1070 2051 oram

171 2066 283 2128 Italiae
302 2069 404 2147 legens
418 2067 594 2128 Ariminum
610 2070 756 2148 pervenit.
798 2068 875 2128 Inde
897 2091 965 2130 cum
987 2093 1071 2132 exer-

171 2150 233 2208 citu
255 2169 309 2209 suo
329 2149 481 2228 profectus
502 2150 542 2210 ad
562 2147 704 2211 Trebiam
719 2149 831 2210 flumen
847 2151 989 2231 conlegae
1003 2173 1071 2212 oon·

65 2239 400 2463 Jbfflblflsffam
420 2309 511 2373 ambo
532 2311 667 2372 consules
692 2321 722 2372 et
746 2311 895 2391 quidquid
921 2313 1070 2374 Romana·
1086 2316 1125 2376 25

171 2412 239 2450 rum
268 2391 382 2454 virium
409 2402 482 2465 erat,
512 2391 686 2454 Hannibali
720 2393 900 2471 oppositum,
929 2404 982 2453 aut
1010 2395 1071 2454 illis

171 2471 266 2550 copiis
288 2471 409 2532 defendi
430 2493 515 2552 posse
536 2473 709 2533 Romanum
732 2474 893 2551 imperium
914 2484 967 2534 aut
988 2496 1071 2553 spem

171 2552 290 2611 nullam
311 2551 403 2612 aliam
425 2573 486 2612 esse
506 2554 579 2613 satis
600 2552 785 2614 declarabat.
828 2553 943 2612 Tamen
966 2555 1070 2614 consul

170 2633 257 2704 alter,
278 2633 407 2710 equestri
435 2632 549 2710 proelio
577 2651 637 2691 nno
665 2632 841 2698 etvulnere
868 2652 922 2691 suo
948 2633 1079 2693 admoni-

170 2720 226 2785 ωε,
245 2713 328 2772 trahi
355 2733 418 2771 rem
439 2711 588 2782 malebat3
623 2711 749 2770 recentis
770 2712 865 2770 animi
886 2711 964 2770 alter
984 2732 1078 2790 eoque
1092 2714 1130 2774 30

171 2791 301 2850 ferocior
322 2789 440 2850 nullam
462 2789 639 2850 dilationem
660 2790 843 2870 patiebatur.
886 2789 977 2866 Quod
993 2791 1073 2850 inter

172 2869 314 2930 Trebiam
335 2869 513 2949 Padumque
536 2870 600 2949 agri
625 2880 669 2935 est
692 2869 777 2931 Galli
799 2879 865 2930 turn
888 2870 1072 2942 incolebant,

171 2951 201 3010 in
218 2951 347 3009 duorum
364 2952 606 3029 praepotentium
629 2951 810 3030 populorum
832 2951 998 3011 certamine
1018 2971 1072 3030 per

171 3031 348 3109 ambiguum
363 3031 498 3092 favorem
514 3031 589 3090 hant
603 3031 695 3091 dubie
709 3032 837 3110 gratiam
853 3031 978 3092 victoris
991 3051 1072 3109 spec-

171 3120 278 3170 tantes.
322 3111 359 3170 Id
376 3111 516 3182 Romani,
533 3111 620 3170 modo
643 3131 680 3171 ne
701 3111 774 3189 quid
797 3120 960 3182 moverent,
976 3131 1071 3189 aequo
1086 3111 1125 3172 35

171 3193 253 3263 satis,
268 3190 567 3269 Poenus‘periniqno
589 3191 690 3250 animo
711 3191 836 3263 ferebat,
851 3191 890 3250 ab
906 3191 1006 3251 Gallis
1024 3211 1071 3250 ao-

172 3272 266 3330 citum
295 3271 467 3332 sevenisse
492 3272 531 3330 ad
557 3269 729 3333 liberandos
754 3291 802 3330 eos
828 3271 980 3332 dictitans.
1022 3269 1071 3330 Ob

172 3371 237 3409 earn
253 3351 340 3423 iram,
355 3349 445 3409 simul
461 3359 496 3409 ut
511 3349 624 3428 praeda
643 3351 771 3411 militem
792 3349 895 3420 aleret,
910 3350 970 3408 duo
985 3349 1072 3408 milia

15 3397 18 3482 l
172 3431 308 3557 peditu9m
324 3429 453 3558 efimffle
467 3431 591 3510 equites,
607 3428 637 3493 N
640 3429 758 3497 umidas
777 3427 944 3516 plerosque,
959 3429 1071 3489 mixtos

296 3535 330 3546 -
359 3525 413 3573 try.
