2520 3784
136 198 179 279 ἰή
303 215 394 262 rrrr
421 215 517 264 nrvr
542 215 598 263 an
624 214 739 264 vern
768 215 961 264 cosman

190 371 300 451 quibus
321 381 394 436 nata
413 381 488 446 erat,
502 372 666 433 humiliora
684 371 795 433 sineret
809 393 853 446 ea,
868 373 1103 451 quolinnupsise

189 461 242 513 set.
284 452 501 532 spernentibus
527 452 664 514 Etruscis
689 453 908 524 Lucumonem,
930 453 1020 512 exule
1041 453 1106 522 ad-¹

154 599 158 610 ,
189 553 269 594 vena
287 543 399 606 ortum,
414 534 492 594 ferre
507 533 720 612 indignitatem
737 554 797 592 non
813 533 930 612 potuit„
937 533 1098 611 oblitaque

153 617 160 631 ⁴
191 612 343 691 ingenitae
371 634 443 690 erga
470 614 600 692 patriam
631 613 776 686 caritatis
801 613 965 672 dummodo
990 613 1100 673 virum

158 691 178 751 δ
191 693 373 754 honoratum
384 693 510 766 videret,
520 693 679 768 consilium
696 693 849 771 migrandi
864 692 904 752 ab
919 693 1099 772 Tarquiniis

190 773 279 852 cepit.
322 773 488 834 Romaest
510 773 549 832 ad
573 773 605 833 id
627 773 783 852 potissima
816 773 904 845 visa;
953 773 985 832 in
1013 793 1113 846 novo

189 853 315 934 populo,
328 854 380 913 ubi
395 853 492 914 omnis
507 854 665 932 repentina
686 868 779 931 atque
799 873 839 913 ex
853 853 969 914 virtute
982 853 1095 913 nobili·

189 942 236 994 tas
249 935 297 1007 sit,
313 933 567 1008 futurumlocum
582 934 654 993 forti
669 953 705 993 ac
720 946 842 994 strenuo
853 933 939 1004 viro;
955 953 1097 1012 regnasse

189 1013 312 1074 Tatium
333 1014 490 1086 Sabinum,
510 1014 687 1076 arcessitum
710 1013 743 1074 in
766 1034 895 1091 regnum
917 1013 1052 1074 Numam
1074 1033 1098 1074 a

136 1093 176 1156 10
190 1093 330 1168 Curibus,
344 1104 375 1155 et
388 1094 511 1154 Ancum
526 1094 642 1154 Sabina
661 1103 758 1154 matre
778 1105 878 1154 ortum
900 1093 1097 1172 nobilemque

190 1196 251 1236 una
266 1175 399 1254 imagine
412 1174 534 1234 Numae
552 1196 623 1236 esse.
667 1174 772 1235 Facile
795 1174 960 1253 persuadet
984 1183 1019 1238 ut
1043 1194 1097 1234 cu-

189 1255 262 1336 pido
273 1256 422 1316 honorum
433 1264 464 1322 ,et
478 1255 526 1316 eui
539 1255 698 1335 Tarquinii
711 1265 849 1316 materna
860 1262 980 1316 tautum
991 1255 1097 1335 patria

188 1344 273 1396 esset.

229 1413 364 1476 Sublatis
376 1417 478 1496 itaque
489 1415 578 1478 rebus
593 1403 749 1496 amigrant
761 1416 899 1477 Romam.
942 1416 995 1477 Ad
1006 1416 1028 1479 J
1029 1417 1095 1476 ani-

137 1493 176 1568 15
190 1495 293 1557 culum
308 1497 385 1557 forte
397 1507 521 1558 ventum
537 1507 620 1570 erat;
636 1498 679 1558 ibi
694 1498 722 1557 ei
736 1505 880 1576 carpento
894 1497 1010 1558 sedenti
1024 1517 1095 1558 cum

190 1597 291 1637 uxore·
307 1577 411 1655 aquila
433 1578 583 1656 suspensis
609 1578 740 1638 demissa
762 1577 872 1638 leniter
889 1579 946 1638 alis
965 1577 1095 1657 pilleum

189 1657 298 1729 aufert,
326 1678 475 1736 superque
504 1668 685 1736 carpentum
714 1679 784 1718 cum
813 1678 924 1735 magno
952 1658 1097 1736 clangore

189 1736 330 1814 volitans,
359 1759 470 1810 rursus,
500 1737 586 1798 velut
616 1738 782 1798 ministerio
815 1737 963 1806 divinitus
993 1739 1095 1811 missa,

189 1818 284 1896 capiti
307 1828 378 1896 apte
402 1819 540 1896 reponit3
562 1817 633 1877 inde
655 1818 794 1878 sublimis
817 1818 890 1877 abit.
934 1818 1096 1896 Accepisse

137 1896 177 1958 20
191 1898 222 1957 id
237 1900 398 1976 augurium
419 1898 501 1958 laeta
519 1898 635 1958 dicitur
650 1897 812 1976 Tanaquil,
828 1898 936 1977 perita,
951 1907 986 1958 ut
1000 1897 1097 1976 vulgo

190 1977 324 2056 Etrusci,
340 1979 514 2038 caelestium
530 1979 741 2058 prodigiorum
757 1977 874 2038 mulier.
917 1978 1049 2039 Excelsa
1065 1987 1097 2044 et

190 2057 256 2118 alta
276 2078 396 2136 sperare
417 2059 568 2136 conplexa
586 2061 687 2120 virum
705 2058 813 2138 jubet:
835 2079 902 2118 eam
923 2058 1037 2130 alitem,
1059 2079 1096 2118 ea

190 2139 311 2218 regione
326 2138 403 2198 caeli
417 2146 448 2197 et
461 2141 526 2218 ejus
543 2139 592 2198 dei
609 2140 751 2198 nuntiam
766 2140 900 2211 venisse3
922 2139 1003 2198 circa
1016 2159 1096 2198 sum·

190 2239 275 2279 mum
289 2217 409 2279 culmen
430 2219 561 2280 hominis
584 2219 755 2298 auspicium
770 2219 891 2291 fecisse;
912 2218 1027 2279 levasse
1042 2219 1096 2279 bu·

137 2297 179 2359 25
191 2319 282 2442 rqpiqo
302 2299 525 2379 superpositum
546 2300 641 2378 capiti
664 2300 765 2374 decus,
781 2309 815 2360 ut
829 2299 978 2360 divinitus
997 2298 1098 2359 eidem

153 2433 156 2440 ,
190 2400 206 2440 r
266 2389 338 2441 eret.

215 2461 300 2536 ¹,Has
320 2485 387 2543 spes
411 2463 666 2544 cogitationesque
688 2481 790 2523 secum
812 2468 967 2540 portantes
989 2458 1096 2520 urbem

190 2543 317 2623 ingressi
330 2555 410 2619 sunt,
426 2545 641 2622 domicilioque
657 2543 700 2605 ibi
716 2551 892 2621 comparato
913 2539 948 2600 L.
969 2539 1096 2618 Tarqui·

191 2626 277 2684 nium
293 2625 429 2686 Priscum
441 2626 563 2686 edidere
574 2645 693 2694 nomen.
736 2622 884 2682 Romanis
898 2621 1096 2699 conspicuum

138 2701 179 2764 30
191 2727 260 2768 eum
275 2707 395 2768 novitas
409 2706 595 2786 divitiaeque
611 2704 785 2775 faciebant3
808 2713 838 2762 et
853 2702 917 2780 ipse
931 2701 1095 2774 fortunam,

191 2787 324 2867 benigno
348 2788 501 2866 adloquio,
528 2785 669 2847 comitate
697 2783 859 2858 invitandi,
883 2780 1097 2858 beneficiisque

191 2889 269 2950 quos
290 2878 409 2947 poterat
433 2868 490 2928 sibi
516 2865 716 2938 conciliando,
741 2862 917 2943 adjuvabat¹
942 2861 1038 2920 donec
1062 2860 1096 2919 in

191 2949 306 3028 regiam
320 2969 441 3029 quoque
454 2947 493 3008 de
506 2968 541 3008 eo
555 2947 641 3007 fama
652 2946 772 3026 perlata
790 2953 842 3008 est
884 2941 914 3001 N
916 2941 1097 3019 otitiamque

191 3051 257 3091 eam
273 3029 358 3091 brevi
372 3028 455 3108 apud
471 3048 571 3106 regem
588 3027 757 3088 liberaliter
773 3025 940 3102 dextreque
955 3020 1099 3082 obeundo

138 3103 178 3166 35
188 3111 290 3172 officia
318 3111 350 3170 in
379 3109 538 3169 familiaris
567 3107 720 3168 amicitiae
750 3105 922 3168 adduxerat
949 3103 1031 3181 jura,
1061 3109 1103 3180 ut

191 3190 323 3284 publicis
344 3190 458 3268 pariter
479 3209 514 3250 ac
537 3188 664 3266 privatis
689 3186 824 3247 consiliis
848 3183 928 3244 bello
952 3182 1101 3272 domique

191 3279 355 3342 interesset,
365 3280 395 3329 et
409 3289 463 3348 per
477 3268 580 3328 omnia
594 3273 897 3344 expertuspostremo
908 3272 992 3332 tutor
1002 3270 1097 3340 ettam

191 3349 295 3412 liberis
310 3351 388 3428 regis
402 3356 581 3410 testamento
596 3347 813 3410 institueretur.
941 3413 962 3420 ,-
1034 3411 1038 3418 ,

233 3430 378 3495 XXXV·
420 3426 576 3507 &eavit
591 3425 816 3500 Ancum
835 3432 981 3505 summer
996 3423 1105 3500 ,etse
