2568 3782
458 238 592 284 arans
617 237 729 302 xxrr,
751 221 805 285 39.
1064 219 1129 288 183

170 403 226 454 aut
240 415 296 473 ego
310 415 375 454 rem
389 394 562 467 militarem,
577 394 650 455 belli
666 395 722 455 hoc
737 413 840 473 genus,
855 393 970 454 hostem
993 393 1075 456 buno

171 475 288 554 ignoro,
311 485 366 534 aut
389 475 521 535 nobilior
545 475 623 535 alius
648 474 835 534 Trasumeno
856 472 942 534 locus
966 475 1075 536 nostris

171 554 311 615 cladibus
325 556 391 615 erit.
434 555 500 616 Nec
513 555 667 634 gloriandi
681 564 801 634 tempus
820 554 965 616 adversus
979 575 1075 616 unum

171 645 225 704 est,
240 644 271 694 et
284 655 340 713 ego
355 636 575 696 contemnendo
588 636 689 715 potius
706 655 799 713 quam
820 634 993 713 adpetendo
1012 635 1075 715 glo·

171 716 250 774 riam
265 715 387 775 modum
405 717 582 775 excesserim
593 737 601 788 ;
622 716 673 775 sed
695 715 858 776 iterasse
880 714 990 775 habet:
1013 735 1076 777 una
1109 714 1130 776 ὅ

172 796 251 854 ratio
268 794 340 854 belli
356 795 480 873 gerendi
495 796 639 857 adversus
654 795 865 856 Hannibalem
879 805 933 868 est,
945 815 1007 874 qua
1019 817 1075 876 ego

171 876 258 953 gessi.
301 874 367 934 Nec
387 884 514 936 eventus
536 877 624 936 modo
644 877 701 936 hoc
720 875 809 935 docet
827 875 1004 947 (stultorum
1019 877 1076 938 iste

172 955 317 1033 magister
336 955 404 1029 est),
419 956 471 1015 sed
493 957 598 1016 eadem
620 956 707 1028 ratio,
722 975 800 1034 qnae
821 955 881 1015 fuit
900 955 1074 1035 futuraque,

172 1035 269 1095 donec
296 1055 344 1095 res
370 1036 493 1096 eaedem
521 1035 698 1110 manebunt,
724 1035 913 1096 inmutabilis
941 1048 994 1096 est.
1036 1036 1074 1096 In

173 1115 267 1176 Italia
280 1114 395 1175 bellum
410 1117 551 1194 gerimus,
567 1117 598 1175 in
620 1117 690 1176 sede
704 1137 740 1178 ac
754 1116 817 1176 solo
831 1128 950 1188 nostro;
972 1117 1075 1178 omnia
1090 1116 1129 1179 10

172 1195 255 1256 circa
276 1195 368 1276 plena
389 1197 502 1256 civium
524 1218 560 1258 ac
580 1197 730 1257 sociorum
751 1207 840 1268 sunt;
868 1197 969 1269 armis,
991 1197 1074 1270 viris,

172 1276 266 1354 equis,
283 1275 500 1337 commeatibus
510 1278 622 1356 juvant
633 1277 866 1356 jurabuntque:
881 1276 912 1337 id
923 1277 987 1356 jam
1003 1277 1073 1337 fidei

172 1356 388 1417 documentum
418 1358 449 1416 in
477 1357 612 1418 adversis
646 1357 735 1418 rebus
770 1358 879 1418 nostris
907 1357 1073 1418 dederunt:

172 1436 320 1508 meliores,
354 1437 573 1515 prudentiores,
609 1437 828 1498 constantiores
865 1457 919 1497 nos
957 1445 1075 1517 tempus

172 1516 297 1596 diesque
310 1517 392 1578 facit.
435 1517 596 1578 Hannibal
619 1528 726 1579 contra
746 1518 778 1576 in
799 1517 908 1590 aliena,
923 1518 955 1577 in
970 1518 1074 1578 hostili
1090 1519 1129 1580 15

172 1606 217 1658 est
237 1607 328 1668 terra,
344 1599 423 1657 inter
443 1599 547 1659 omnia
568 1598 693 1660 inimica
714 1598 891 1677 infestaque,
907 1598 1013 1676 procul
1034 1599 1075 1660 ab

171 1677 271 1751 domo,
280 1677 321 1737 ab
335 1678 453 1756 patria;
468 1699 565 1758 neque
580 1679 626 1738 illi
641 1688 724 1740 terra
736 1698 835 1758 neque
846 1681 922 1738 mari
936 1688 981 1738 est
994 1698 1074 1757 ραις

171 1757 277 1818 nullae
304 1777 374 1818 eum
401 1758 491 1819 urbes
520 1761 686 1840 accipiunt,
715 1759 802 1820 nulla
829 1758 966 1830 moenia3
994 1758 1073 1817 nihil

172 1857 300 1917 usquam
321 1840 367 1899 sui
387 1839 489 1913 videt;
511 1841 543 1900 in
565 1841 645 1902 diem
667 1851 754 1920 rapto
768 1839 867 1911 vivit;
889 1848 1005 1918 partem
1021 1838 1075 1899 vix

171 1919 293 1979 tertiam
308 1921 460 1982 exercitus
474 1923 537 2001 ejus
551 1921 652 1993 habet,
668 1941 759 2000 quem
782 1919 933 1980 Hiberum
955 1939 1073 1978 amnem
1089 1921 1129 1982 20

171 2001 309 2080 trajecit;
331 2003 434 2081 plures
453 2003 533 2063 fame
552 2023 643 2082 quam
666 2001 745 2061 ferro
766 1999 937 2079 absumpti;
958 2019 1014 2058 nec
1027 1999 1075 2059 his

169 2079 276 2162 paucis
300 2085 365 2164 jam
391 2084 491 2146 victus
518 2083 700 2163 suppeditat.
744 2079 876 2142 Dubitas
897 2099 979 2158 ergo,
1001 2078 1075 2157 quin

170 2164 301 2224 sedendo
322 2166 493 2245 superaturi
513 2164 607 2224 simus
628 2183 706 2236 eum,
721 2161 774 2241 qui
792 2168 927 2220 senescat
948 2160 979 2218 in
1001 2159 1074 2232 dies,

170 2265 231 2305 non
254 2256 448 2321 commeatus,
470 2267 531 2307 non
551 2242 806 2325 supplementum,
827 2259 889 2299 non
913 2238 1074 2318 pecuniam

170 2326 304 2386 habeat?
345 2327 449 2404 Quam
473 2327 527 2386 diu
551 2346 606 2406 pro
628 2323 780 2395 Gereonii,
802 2319 918 2380 castelli
939 2319 1075 2398 Apuliae
1089 2321 1128 2382 25

169 2407 278 2486 inopis,
303 2417 460 2487 tamquam
484 2429 539 2486 pro
564 2403 760 2485 Carthaginis
789 2399 945 2461 moenibus
972 2398 1072 2460 sedetl

169 2487 227 2549 Sed
253 2509 293 2549 ne
316 2489 461 2550 adversus
487 2499 517 2549 te
542 2487 663 2566 quidem
686 2486 724 2545 de
744 2504 793 2544 me
813 2479 975 2560 gloriabor.
1017 2479 1073 2540 Cn.

169 2567 317 2630 Servilius
331 2580 423 2649 atque
438 2569 562 2640 Atilius,
577 2566 711 2646 proximi
729 2563 875 2634 consules,
892 2561 969 2632 vide,
984 2577 1074 2652 quem

168 2649 208 2708 ad
223 2650 348 2710 modum
364 2671 433 2710 eum
448 2649 597 2709 ludificati
618 2649 689 2708 sint.
731 2645 819 2706 Haec
834 2663 896 2703 una
908 2640 1016 2702 salutis
1029 2649 1074 2701 est

168 2730 229 2804 via,
245 2730 280 2790 L
298 2730 403 2802 Paule,
419 2749 510 2809 quam
525 2729 680 2789 difficilem
696 2727 896 2804 infestamque
915 2722 996 2782 cives
1016 2720 1073 2781 tibi
1087 2722 1128 2783 30

169 2811 265 2889 magis
291 2831 381 2888 quam
407 2811 505 2871 hostes
530 2810 649 2870 facient.
693 2808 779 2868 Idem
808 2808 890 2866 enim
918 2801 1072 2880 tuiquod

167 2889 301 2950 hostiurn
317 2890 428 2950 milites
442 2890 563 2962 volent;
586 2891 666 2950 idem
679 2888 780 2951 Varro
795 2884 900 2946 consul
916 2881 1072 2941 Romanus

167 2970 248 3048 quod
271 2968 432 3028 Hannibal
454 2969 573 3027 Poenus
597 2966 762 3043 imperator
789 2964 898 3041 cupiet.
949 2960 1076 3020 Duobus

167 3050 296 3111 ducibus
321 3070 398 3108 unus
426 3049 544 3109 resistas
572 3053 699 3125 oportet.
749 3043 885 3112 ‹Resistes
913 3049 1024 3114 autem,
1042 3042 1077 3100 -m'

168 3127 315 3188 adversus
336 3126 449 3186 famam
471 3145 665 3202 rumoresque
690 3124 848 3183 hominum
873 3121 948 3181 satis
969 3118 1074 3178 firmus
1089 3119 1129 3180 35

167 3207 295 3279 steteris,
317 3207 343 3266 si
363 3217 393 3267 te
413 3226 511 3285 neque
532 3205 667 3282 collegae
681 3223 763 3265 vana
783 3202 881 3282 gloria
903 3208 1075 3291 nequentua

166 3288 245 3348 falsa
273 3287 402 3347 infamia
431 3286 568 3346 moverit.
610 3283 782 3345 Veritatem
811 3281 952 3348 laborare
981 3279 1073 3339 nimis

166 3385 258 3446 saepe
271 3368 369 3439 aiunt,
384 3367 524 3444 extingui
539 3381 717 3442 numquam.
759 3362 898 3422 Gloriam
920 3359 973 3436 qui
991 3378 1073 3436 spre-

166 3447 257 3520 verit,
272 3462 377 3507 veram
399 3445 532 3505 habebit.
575 3444 656 3514 Sine,
673 3442 813 3500 timidum
829 3459 883 3516 pro
899 3447 997 3505 cauto,
1013 3446 1072 3508 tar·
