2568 3782
157 240 221 306 150
323 256 415 304 mur
443 257 539 305 nrvr
566 257 621 304 aa
648 250 764 304 vana
793 256 987 304 cosmus

209 422 287 475 rant.
329 413 484 474 Inclinata
508 413 638 492 denique
663 433 704 486 re,
730 433 799 473 eum
824 412 1037 473 incalescente
1052 413 1117 473 sole

209 493 345 576 dispulsa
369 494 482 554 nebula
506 495 672 572 aperuisset
697 494 788 565 diem,
813 502 879 553 tum
905 493 1024 574 liquida
1047 494 1116 573 jam

210 575 278 635 luce
293 583 409 635 montes
424 575 584 653 campique
598 574 733 654 perditas
748 594 794 633 res
811 583 997 653 stratamque
1018 585 1118 634 osten·

210 655 281 716 dere
295 654 382 715 foede
400 655 572 714 Romanam
594 655 700 715 aciem.
743 653 861 732 Itaque,
877 673 915 714 ne
928 656 960 714 in
976 675 1118 734 conspec-

177 739 256 800 5tos
271 734 378 815 procul
393 735 599 795 inmitteretur
613 755 711 813 aquea,
726 733 856 794 sublatis
877 736 989 815 raptim
1011 736 1117 814 signis,

233 837 301 876 uam
317 815 494 876 citatissimo
514 825 654 894 poterant
675 815 806 894 agmine,
821 835 884 876 sese
904 815 1116 894 abripuerunt.

211 837 336 957 l'ostero
356 895 415 966 die,
430 915 500 955 eum
521 915 611 974 super
632 905 731 956 cetera
752 906 890 956 extrema
909 897 1003 956 fames
1022 897 1118 956 etiam

211 976 348 1049 instaret,
369 975 458 1035 fidem
482 975 574 1036 dante
597 975 788 1049 Maharbale,
810 977 953 1057 quicum
975 977 1119 1037 omnibus

182 1095 185 1100 ·
212 1055 401 1137 equestribus
415 1055 511 1135 copiis
525 1066 613 1117 nocte
629 1068 806 1118 consecutus
827 1067 902 1132 erat,
917 1058 941 1118 si
956 1077 1043 1118 arma
1056 1069 1118 1118 tra-

159 1141 199 1205 10
212 1139 360 1198 didisseut
382 1136 468 1197 abire
492 1157 561 1196 cum
587 1137 716 1217 singulis
737 1139 925 1201 vestimentis
946 1159 1118 1218 passurum,

211 1239 275 1280 sese
289 1216 489 1289 dediderunt;
510 1238 589 1297 quae
603 1218 720 1278 Punica
737 1219 885 1299 religione
904 1231 1025 1280 servata
1043 1219 1119 1279 lides

212 1298 252 1362 ab
267 1298 446 1359 Hannibale
460 1307 513 1371 est,
528 1309 620 1378 atque
634 1301 665 1358 in
682 1301 807 1360 vincula
821 1321 923 1360 omncs
939 1299 1077 1379 conjecti.

254 1378 331 1441 VII.
373 1378 461 1439 Haec
485 1389 530 1440 est
554 1379 666 1440 nobilis
687 1381 727 1441 ad
748 1380 991 1441 Trasumennum
1013 1400 1120 1459 pugna

213 1469 305 1540 atque
319 1461 398 1520 inter
413 1481 526 1540 paucas
542 1471 709 1522 memorata
729 1461 835 1541 populi
856 1461 990 1522 Romani
1007 1461 1119 1521 clades.

162 1545 200 1606 15
215 1541 399 1618 Quindecim
416 1541 502 1601 milia
517 1541 726 1602 Romanorum
749 1542 781 1601 in
803 1543 867 1602 acie
889 1561 992 1614 caesa;
1014 1541 1121 1600 decem

214 1623 302 1683 milia
323 1642 428 1701 sparsa
449 1622 523 1702 fuga
545 1627 600 1702 per'
623 1643 743 1683 ornnem
766 1621 924 1683 Etruriam
942 1622 1055 1682 aversis
1072 1621 1121 1680 iti·

214 1703 337 1763 neribus
359 1702 465 1764 urbem
482 1703 614 1783 petiere3
637 1705 698 1763 duo
714 1705 799 1782 milia
813 1702 972 1783 quingenti
986 1701 1121 1762 hostium

214 1785 247 1843 in
259 1785 333 1857 acie,
342 1784 433 1845 multi
445 1795 548 1865 postea
561 1785 743 1864 [utrimque]
755 1805 794 1844 ex
805 1784 984 1845 vulneribus
994 1782 1120 1862 periere.

215 1865 383 1945 Multiplex
404 1866 510 1926 caedes
532 1865 686 1944 utrimque
711 1865 794 1925 facta
816 1865 950 1926 traditur
972 1863 1011 1925 ab
1034 1862 1121 1935 aliis;

162 1949 201 2010 20
215 1967 279 2026 ego,
295 1955 508 2026 praeterquam
528 1946 608 2025 quod
630 1946 708 2005 nihil
731 1955 855 2006 auctum
868 1965 907 2005 ex
922 1966 1002 2007 vano
1018 1943 1121 2016 velim,

216 2046 275 2107 quo
286 2028 377 2087 nimis
388 2028 540 2087 inclinant
551 2028 644 2087 ferme
655 2026 853 2087 scribentium
862 2027 966 2098 animi,
977 2025 1120 2096 Fabium,

215 2107 372 2186 aequalem
389 2107 577 2187 temporibus
598 2107 724 2187 hujusce
745 2106 829 2180 belli,
844 2107 1033 2186 potissimum
1053 2125 1122 2164 auc·

215 2197 310 2249 torem
326 2187 428 2248 habui.
472 2186 643 2259 Hannibal,
660 2188 851 2267 captivorum
869 2187 922 2266 qui
943 2186 1050 2246 Latini
1070 2205 1122 2245 no

215 2269 305 2329 minis
320 2278 418 2329 essent
433 2269 498 2328 sine
512 2270 611 2348 pretio
626 2268 766 2340 dimissio,
782 2267 928 2328 Romanis
948 2267 979 2325 in
994 2265 1123 2328 vincula

162 2351 201 2412 25
216 2349 304 2422 datis,
326 2361 484 2429 segregata
506 2369 544 2408 ex
566 2349 698 2408 hostiurn
723 2358 968 2409 coacervatorum
990 2346 1122 2406 cumulis

216 2450 343 2510 corpora
361 2450 484 2491 suorum
506 2449 574 2489 cum
597 2429 718 2508 sepeliri
737 2429 883 2508 jussisset,
898 2427 1035 2488 Flamini
1051 2447 1122 2506 quo-

215 2532 274 2591 que
288 2531 397 2590 corpus
411 2510 525 2571 funeris
541 2529 632 2570 causa
647 2528 840 2589 magnacum
855 2529 929 2570 cura
942 2509 1123 2587 inquisitum

215 2612 276 2652 non
291 2591 418 2653 invenit.

255 2672 372 2733 Romae
396 2671 436 2732 ad
461 2670 594 2750 primum
620 2669 764 2731 nuntium
787 2669 883 2730 cladis
903 2670 966 2750 ejus
987 2679 1057 2730 cur'n
1080 2669 1124 2727 iu·

162 2754 202 2816 30
215 2753 298 2832 genti
313 2761 428 2812 terrore
442 2771 478 2811 ac
493 2752 628 2811 tumultu
653 2771 818 2812 concursus
840 2751 873 2810 in
895 2751 994 2811 forum
1016 2749 1125 2829 populi

216 2842 260 2893 est
283 2832 390 2893 faetus.
433 2831 594 2891 Matronae
618 2841 716 2910 vagae
742 2832 992 2912 pe1·vias,quac
1017 2847 1125 2908 repens

215 2913 318 2974 clades
338 2912 453 2985 adlata,
467 2932 586 2990 quaeve
601 2912 726 2972 fortuna
745 2913 898 2974 exereitus
919 2925 1004 2985 esset,
1018 2910 1125 2972 obvios

214 3003 470 3074 percunctantum
501 3003 532 3052 et
560 3013 630 3052 cum
660 2992 827 3072 frequentis
857 2993 1007 3054 contionis
1034 2989 1126 3050 modo

214 3073 308 3134 turba
334 3074 368 3133 in
397 3072 554 3133 comitium
590 3083 620 3132 et
656 3075 772 3133 curiam
803 3094 891 3135 versa
927 3074 1126 3154 magistratus

161 3155 200 3216 35
215 3164 347 3226 vocaret,
363 3152 485 3213 tandem
508 3152 591 3212 haud
614 3152 711 3212 multo
734 3165 806 3214 ante
826 3154 898 3216 solis
921 3173 1061 3214 occasum
1080 3151 1125 3212 M.

215 3231 400 3310 Pomponius
425 3242 546 3309 praetor
570 3233 727 3312 “pugna''
757 3235 857 3313 iuquit
884 3240 1025 3314 “magna
1050 3232 1127 3294 victi

214 3311 346 3370 sumus.'’
390 3309 432 3370 Et
447 3329 631 3389 quamquam
653 3312 731 3372 nihil
754 3314 865 3373 certius
880 3335 919 3373 ex
935 3335 970 3375 eo
984 3316 1127 3375 auditum

215 3399 269 3459 est,
295 3399 396 3447 tamen
426 3389 506 3446 alius
533 3389 573 3448 ab
601 3389 663 3450 alio
691 3392 800 3470 inpleti
823 3394 998 3454 rumoribus
1020 3397 1127 3456 domos

215 3469 361 3539 referunt,
394 3466 675 3528 ‘consulem'cum‘
697 3491 811 3550 magna
841 3487 930 3552 parte
962 3467 1125 3555 copiarum
