2568 3782
173 186 237 250 1o4
337 203 434 250 τιτι
460 204 557 252 n1v1
583 204 638 250 AB
665 206 782 253 vass
812 207 1003 254 counrra

266 359 373 439 Neque
398 360 430 420 id
454 361 692 440 pulcherrimum
721 364 784 443 ejus
809 364 973 425 victoriae‘
982 365 1052 438 fuit,
1079 361 1137 424 sed
1264 393 1265 400 ¹

226 440 306 518 quod
322 461 383 500 una
398 441 459 501 levi
474 462 579 522 pugna
592 451 656 503 toto
671 444 734 523 ejus
750 465 820 504 orae
834 445 911 504 mari
925 446 1018 525 potiti·
1031 455 1136 505 erant.

226 518 335 599 Itaque
349 521 388 580 ad
404 521 540 582 Onusam
555 523 649 584 classe
663 525 790 603 profecti
803 547 810 597 ;
832 527 962 586 escensio
983 525 1023 586 ab
1045 526 1137 585 navi-

227 599 282 659 bus
303 601 336 660 in
357 609 469 664 terram
491 603 581 664 facta.
624 604 701 664 Oum
723 605 829 665 urbem
844 607 875 667 vi
892 607 1040 686 cepissent
1061 627 1136 684 cap-

193 679 211 738 5
226 687 348 760 tamque
362 681 565 761 diripuissent,
580 683 797 764 Carthaginem
812 686 883 746 inde
897 697 1021 765 petunt3
1037 697 1134 765 atque

225 780 345 828 omnem
367 782 474 840 agrum
496 763 578 823 circa
599 764 784 844 depopulati,
799 774 948 844 postremo
965 776 1045 826 tecta
1059 788 1134 846 quo-

226 860 285 920 que
298 841 437 922 injuncta
452 862 539 902 muro
553 844 707 923 portisque
722 845 930 906 incenderunt.
971 846 1051 906 Inde
1059 921 1061 924 ι
1063 849 1132 927 jam

217 921 332 998 praeda
352 923 453 1000 gravis
474 922 513 982 ad
534 922 758 1001 Longunticam
783 922 921 1001 pervenit
942 923 1054 996 classis,
1075 925 1131 984 ubi

218 1002 264 1061 vis
286 1022 397 1081 magna
418 1003 513 1081 sparti
535 1010 596 1062 crat
616 1003 733 1062 adrem
755 1006 911 1061 nauticam
926 1013 1068 1082 congesta
1090 1005 1131 1064 ab

172 1087 211 1148 10
226 1082 429 1144 Hasdrubale.
473 1082 565 1158 Quod
582 1083 655 1142 satis
670 1082 701 1140 in
715 1101 803 1140 usum
825 1082 886 1141 fuit
905 1082 1036 1154 sublato,
1052 1091 1130 1141 cete-

225 1185 292 1223 rum
308 1183 396 1224 omne
410 1163 564 1222 incensum
578 1171 630 1221 est.
672 1161 738 1221 Nec
751 1162 932 1220 continentis
942 1161 1033 1221 modo
1044 1181 1131 1240 prae·

225 1245 333 1304 iectast
346 1263 407 1316 ora,
419 1254 463 1303 set
477 1243 508 1301 in
524 1242 663 1301 Ebusum
674 1242 805 1300 insulam
818 1243 1035 1302 transmissum.
1078 1242 1130 1302 Ibi

205 1325 309 1397 urbe,
334 1345 411 1403 quae
439 1333 531 1402 caput
559 1323 676 1382 insulae
704 1333 756 1394 est,
788 1321 914 1381 biduum
941 1322 1131 1400 nequiquam

225 1425 342 1464 summo
353 1403 457 1464 labore
468 1413 653 1482 oppugnata,
663 1403 715 1462 ubi
731 1403 762 1461 in
777 1423 859 1480 spem
874 1403 999 1462 inritam
1015 1405 1132 1463 frustra

173 1488 211 1548 15
226 1486 283 1545 teri
298 1495 417 1563 tempus
430 1485 675 1544 animadversum
690 1492 743 1555 est,
758 1483 797 1542 ad
812 1483 1042 1561 populationem
1063 1485 1131 1562 agri

226 1566 314 1638 versi,
329 1565 455 1644 direptis
469 1564 588 1642 aliquot
600 1563 788 1641 incensisque
803 1563 887 1636 vicis,
903 1566 1017 1643 majore
1036 1584 1132 1643 quam

153 1675 155 1680 ·
226 1667 265 1706 ex
279 1645 447 1706 continenti
461 1645 575 1724 praeda
589 1655 678 1723 parta
692 1662 762 1703 cum
783 1643 816 1702 in
836 1663 930 1704 naves
950 1663 982 1704 se
1001 1647 1132 1725 recepis-

226 1736 300 1799 sent,
315 1747 354 1786 ex
369 1723 543 1786 Baliaribus
565 1725 672 1785 insulis
693 1723 787 1802 legati
808 1743 914 1803 pacem
933 1734 1072 1803 petentes
1090 1727 1131 1785 ad

227 1807 398 1887 Scipionem
419 1813 577 1866 venerunt.
619 1805 697 1866 Inde
721 1805 802 1864 flexa
826 1815 908 1865 retro
928 1805 1032 1866 classis
1054 1807 1132 1866 redi·

173 1890 213 1951 20
227 1897 353 1966 tumque
373 1887 405 1946 in
427 1886 567 1946 citeriora
588 1885 779 1965 provinciae,
795 1905 855 1964 quo
877 1886 1011 1946 omnium
1035 1907 1132 1966 popu·

227 1968 336 2041 lorum,
351 1968 404 2046 qui
423 1965 577 2026 Hiberum
598 1966 753 2038 adcoluut,
770 1967 937 2026 multorum
955 1977 986 2026 et
1002 1967 1133 2028 ultimae

227 2048 398 2128 Hispaniae
412 2047 505 2125 legati
519 2055 755 2118 concurrerunt3
776 2046 827 2105 sed
842 2046 982 2124 quivere
1000 2047 1132 2108 dicionis

227 2129 406 2208 imperiique
420 2127 551 2187 Romani
572 2126 647 2186 facti
666 2126 727 2186 sint
748 2125 903 2187 obsidibus
918 2127 1008 2200 datis,
1022 2128 1132 2207 populi

228 2208 359 2287 amplius
379 2208 503 2267 fuerunt
524 2217 646 2267 centum
659 2206 778 2286 viginti.
821 2207 923 2286 Igitur
936 2209 1132 2270 terrestribus

175 2293 213 2352 25
228 2310 346 2369 quoque
360 2288 454 2367 copiis
467 2288 540 2348 satis
553 2288 648 2348 fidens
663 2287 819 2348 Romanus
841 2308 934 2366 usque
954 2289 994 2348 ad
1016 2289 1133 2349 saltum

228 2370 475 2430 Castulonensem
500 2377 544 2428 est
568 2385 758 2447 progressus;
788 2367 966 2428 Hasdrubal
987 2369 1020 2429 in
1042 2369 1132 2430 Lusi·
1213 2409 1215 2416 =

228 2450 344 2512 taniam
359 2469 394 2509 ac
409 2449 532 2528 propius
548 2447 703 2510 Oceanum
719 2449 872 2509 concessit.

268 2529 363 2591 XXI.
406 2529 553 2606 Quietum
588 2529 659 2588 inde
694 2529 758 2589 fore
785 2529 949 2590 videbatur
976 2529 1131 2610 reliquum
1211 2573 1212 2576 =

228 2611 350 2672 aestatis
364 2618 491 2688 tempus,
506 2610 670 2688 fuissetque
690 2630 744 2688 per
765 2609 900 2670 Poenum
921 2611 1056 2684 hostem3
1077 2613 1131 2672 sed

175 2694 214 2755 30
228 2701 440 2772 praeterquam
467 2691 548 2768 quod
577 2691 711 2768 ipsorum
748 2691 956 2768 Hispanorum
991 2691 1132 2770 inquieta

228 2773 378 2851 avidaque
392 2771 425 2830 in
439 2791 534 2832 novas
548 2791 594 2830 res
609 2779 680 2830 sunt
693 2771 824 2850 ingenia,
839 2769 1025 2830 Mandonius
1039 2771 1132 2833 Inde-

228 2853 366 2931 bilisque,
391 2853 444 2931 qui
468 2861 559 2912 antea
582 2851 750 2930 Ilergetum
775 2849 898 2929 regulus
919 2851 1029 2924 fuerat,
1050 2863 1131 2930 post

228 2954 318 3013 quam
331 2933 463 2993 Romani
478 2935 517 2993 ab
531 2933 610 2992 saltu
624 2952 767 2992 recessere
781 2933 820 2991 ad
835 2931 1023 2992 maritimam
1034 2952 1130 3007 oram,

228 3015 354 3074 concitis
379 3013 585 3093 popularibus,
611 3014 643 3072 in
671 3033 778 3091 ugrum
807 3023 951 3090 pacatum
978 3014 1130 3075 sociorum

175 3095 437 3156 nortmanorum
465 3094 503 3153 ad
533 3093 742 3171 populandum
771 3103 929 3154 venerunt.
970 3093 1130 3157 Adversus

227 3195 276 3235 eos
302 3176 416 3235 tribuni
444 3173 575 3232 militum
601 3192 670 3232 cum
694 3172 845 3252 expeditis
871 3173 996 3234 auxiliis
1024 3195 1043 3235 a
1067 3175 1130 3236 Sci·

249 3255 316 3313 ione
331 3253 412 3312 missi
427 3253 488 3313 leui
503 3252 676 3324 certamine,
692 3260 726 3310 ut
740 3251 974 3314 tumultuariam
991 3275 1128 3330 manum,

220 3275 325 3394 linere
345 3333 377 3391 in
398 3331 495 3391 omnis
511 3331 616 3408 portis,
637 3329 741 3390 occisis
762 3329 944 3409 quibusdam
972 3334 1131 3414 captisque

220 3431 389 3490 magnaque
410 3419 496 3490 parte
516 3409 608 3470 armis
628 3418 728 3470 exuta.
771 3409 835 3472 Hic
855 3419 957 3480 tamen
978 3413 1131 3481 tumultus
