<?xml version="1.0" encoding="UTF-8"?>
<!DOCTYPE html PUBLIC "-//W3C//DTD XHTML 1.0 Transitional//EN"
    "http://www.w3.org/TR/xhtml1/DTD/xhtml1-transitional.dtd">
<html xmlns="http://www.w3.org/1999/xhtml" xml:lang="en" lang="en">
 <head>
  <title>
</title>
<meta http-equiv="Content-Type" content="text/html;charset=utf-8" />
  <meta name='ocr-system' content='tesseract 3.04.00' />
  <meta name='ocr-capabilities' content='ocr_page ocr_carea ocr_par ocr_line ocrx_word'/>
</head>
<body>
  <div class='ocr_page' id='page_1' title='image "./historieslivybo01chasgoog_0109.png"; bbox 0 0 2568 3782; ppageno 0'>
   <div class='ocr_carea' id='block_1_1' title="bbox 157 223 1111 472">
    <p class='ocr_par' dir='ltr' id='par_1_1' title="bbox 157 223 1111 472">
     <span class='ocr_line' id='line_1_1' title="bbox 157 223 989 358; baseline -0.006 -71"><span class='ocrx_word' id='word_1_1' title='bbox 157 223 220 287; x_wconf 84' lang='lat'>104</span> <span class='ocrx_word' id='word_1_2' title='bbox 322 236 411 283; x_wconf 83' lang='lat' dir='ltr'>rrrr</span> <span class='ocrx_word' id='word_1_3' title='bbox 441 237 536 285; x_wconf 80' lang='lat' dir='ltr'>nrvr</span> <span class='ocrx_word' id='word_1_4' title='bbox 566 236 621 284; x_wconf 76' lang='lat' dir='ltr'>aa</span> <span class='ocrx_word' id='word_1_5' title='bbox 651 233 989 358; x_wconf 48' lang='lat' dir='ltr'>VRBIissollmsm</span> 
     </span>
     <span class='ocr_line' id='line_1_2' title="bbox 204 307 1111 472; baseline -0.003 -16"><span class='ocrx_word' id='word_1_6' title='bbox 204 393 337 456; x_wconf 86' lang='lat' dir='ltr'>colonias</span> <span class='ocrx_word' id='word_1_7' title='bbox 361 394 392 453; x_wconf 92' lang='lat' dir='ltr'>in</span> <span class='ocrx_word' id='word_1_8' title='bbox 417 413 525 472; x_wconf 88' lang='lat' dir='ltr'>agrum</span> <span class='ocrx_word' id='word_1_9' title='bbox 550 391 708 454; x_wconf 85' lang='lat' dir='ltr'>Gallicum</span> <span class='ocrx_word' id='word_1_10' title='bbox 733 307 878 467; x_wconf 62' lang='lat' dir='ltr'>delinitas</span> <span class='ocrx_word' id='word_1_11' title='bbox 897 320 991 470; x_wconf 44' lang='lat' dir='ltr'>&#39;aeigre</span> <span class='ocrx_word' id='word_1_12' title='bbox 1017 393 1111 471; x_wconf 88' lang='lat' dir='ltr'>patie-</span> 
     </span>
    </p>
   </div>
   <div class='ocr_carea' id='block_1_2' title="bbox 101 473 1121 3527">
    <p class='ocr_par' dir='ltr' id='par_1_2' title="bbox 101 473 1121 3527">
     <span class='ocr_line' id='line_1_3' title="bbox 207 473 1110 552; baseline -0.003 -16"><span class='ocrx_word' id='word_1_13' title='bbox 207 475 328 536; x_wconf 86' lang='lat' dir='ltr'><strong>bantur.</strong></span> <span class='ocrx_word' id='word_1_14' title='bbox 364 473 473 552; x_wconf 86' lang='lat' dir='ltr'>Itaque</span> <span class='ocrx_word' id='word_1_15' title='bbox 489 473 580 534; x_wconf 88' lang='lat' dir='ltr'>armis</span> <span class='ocrx_word' id='word_1_16' title='bbox 595 482 718 552; x_wconf 88' lang='lat' dir='ltr'>repente</span> <span class='ocrx_word' id='word_1_17' title='bbox 732 473 869 551; x_wconf 81' lang='lat' dir='ltr'>arreptis,</span> <span class='ocrx_word' id='word_1_18' title='bbox 881 473 913 530; x_wconf 92' lang='lat' dir='ltr'>in</span> <span class='ocrx_word' id='word_1_19' title='bbox 927 493 996 532; x_wconf 91' lang='lat' dir='ltr'>eum</span> <span class='ocrx_word' id='word_1_20' title='bbox 1011 473 1110 552; x_wconf 89' lang='lat' dir='ltr'>ipsum</span> 
     </span>
     <span class='ocr_line' id='line_1_4' title="bbox 207 552 1110 634; baseline -0.002 -19"><span class='ocrx_word' id='word_1_21' title='bbox 207 575 315 634; x_wconf 89' lang='lat' dir='ltr'>agrum</span> <span class='ocrx_word' id='word_1_22' title='bbox 343 555 458 632; x_wconf 87' lang='lat' dir='ltr'>impetu</span> <span class='ocrx_word' id='word_1_23' title='bbox 487 554 577 626; x_wconf 81' lang='lat' dir='ltr'>facto,</span> <span class='ocrx_word' id='word_1_24' title='bbox 600 562 720 614; x_wconf 87' lang='lat' dir='ltr'>tantum</span> <span class='ocrx_word' id='word_1_25' title='bbox 748 552 870 612; x_wconf 87' lang='lat' dir='ltr'>terroris</span> <span class='ocrx_word' id='word_1_26' title='bbox 897 573 933 612; x_wconf 92' lang='lat' dir='ltr'>ac</span> <span class='ocrx_word' id='word_1_27' title='bbox 961 554 1110 613; x_wconf 87' lang='lat' dir='ltr'>tumultus</span> 
     </span>
     <span class='ocr_line' id='line_1_5' title="bbox 207 632 1110 712; baseline -0.003 -17"><span class='ocrx_word' id='word_1_28' title='bbox 207 635 353 707; x_wconf 87' lang='lat' dir='ltr'>fecerunt,</span> <span class='ocrx_word' id='word_1_29' title='bbox 374 643 409 694; x_wconf 85' lang='lat' dir='ltr'>ut</span> <span class='ocrx_word' id='word_1_30' title='bbox 433 655 493 694; x_wconf 90' lang='lat' dir='ltr'>non</span> <span class='ocrx_word' id='word_1_31' title='bbox 518 633 644 712; x_wconf 86' lang='lat' dir='ltr'>agrestis</span> <span class='ocrx_word' id='word_1_32' title='bbox 668 633 757 692; x_wconf 91' lang='lat' dir='ltr'>modo</span> <span class='ocrx_word' id='word_1_33' title='bbox 781 632 957 705; x_wconf 87' lang='lat' dir='ltr'>multitudo,</span> <span class='ocrx_word' id='word_1_34' title='bbox 979 633 1031 692; x_wconf 88' lang='lat' dir='ltr'>sed</span> <span class='ocrx_word' id='word_1_35' title='bbox 1053 634 1110 712; x_wconf 89' lang='lat' dir='ltr'>ipsi</span> 
     </span>
     <span class='ocr_line' id='line_1_6' title="bbox 174 713 1110 792; baseline -0.005 -16"><span class='ocrx_word' id='word_1_36' title='bbox 174 715 362 777; x_wconf 78' lang='lat' dir='ltr'>btriumviri</span> <span class='ocrx_word' id='word_1_37' title='bbox 390 713 531 785; x_wconf 88' lang='lat' dir='ltr'>Romani,</span> <span class='ocrx_word' id='word_1_38' title='bbox 557 713 608 792; x_wconf 91' lang='lat' dir='ltr'>qui</span> <span class='ocrx_word' id='word_1_39' title='bbox 638 713 677 772; x_wconf 88' lang='lat' dir='ltr'>ad</span> <span class='ocrx_word' id='word_1_40' title='bbox 706 732 814 790; x_wconf 86' lang='lat' dir='ltr'>agrum</span> <span class='ocrx_word' id='word_1_41' title='bbox 837 722 985 774; x_wconf 88' lang='lat' dir='ltr'>venerant</span> <span class='ocrx_word' id='word_1_42' title='bbox 1012 713 1110 792; x_wconf 89' lang='lat' dir='ltr'>adsig-</span> 
     </span>
     <span class='ocr_line' id='line_1_7' title="bbox 207 791 1110 868; baseline -0.001 -14"><span class='ocrx_word' id='word_1_43' title='bbox 207 795 352 868; x_wconf 87' lang='lat' dir='ltr'>nandum,</span> <span class='ocrx_word' id='word_1_44' title='bbox 374 793 464 853; x_wconf 87' lang='lat' dir='ltr'>diffisi</span> <span class='ocrx_word' id='word_1_45' title='bbox 486 793 661 853; x_wconf 79' lang='lat' dir='ltr'>Placentiae</span> <span class='ocrx_word' id='word_1_46' title='bbox 685 792 841 852; x_wconf 88' lang='lat' dir='ltr'>moenibus</span> <span class='ocrx_word' id='word_1_47' title='bbox 865 791 1020 866; x_wconf 75' lang='lat' dir='ltr'><strong>Mutinam</strong></span> <span class='ocrx_word' id='word_1_48' title='bbox 1042 813 1110 853; x_wconf 92' lang='lat' dir='ltr'>con-</span> 
     </span>
     <span class='ocr_line' id='line_1_8' title="bbox 207 871 1109 954; baseline -0.001 -19"><span class='ocrx_word' id='word_1_49' title='bbox 207 875 349 954; x_wconf 80' lang='lat' dir='ltr'>fugerint,</span> <span class='ocrx_word' id='word_1_50' title='bbox 365 873 398 934; x_wconf 83' lang='lat'>0.</span> <span class='ocrx_word' id='word_1_51' title='bbox 421 873 572 943; x_wconf 85' lang='lat' dir='ltr'>Lutatius,</span> <span class='ocrx_word' id='word_1_52' title='bbox 588 873 622 933; x_wconf 83' lang='grc' dir='ltr'>Ο.</span> <span class='ocrx_word' id='word_1_53' title='bbox 644 871 800 944; x_wconf 80' lang='lat' dir='ltr'>Servilius,</span> <span class='ocrx_word' id='word_1_54' title='bbox 817 872 859 931; x_wconf 91' lang='lat' dir='ltr'>M.</span> <span class='ocrx_word' id='word_1_55' title='bbox 875 872 1005 933; x_wconf 80' lang='lat' dir='ltr'>Annius,</span> <span class='ocrx_word' id='word_1_56' title='bbox 1049 873 1109 934; x_wconf 91' lang='lat' dir='ltr'>Lu·</span> 
     </span>
     <span class='ocr_line' id='line_1_9' title="bbox 206 951 1110 1031; baseline -0.002 -15"><span class='ocrx_word' id='word_1_57' title='bbox 206 956 264 1016; x_wconf 84' lang='lat' dir='ltr'>tati</span> <span class='ocrx_word' id='word_1_58' title='bbox 278 976 387 1016; x_wconf 89' lang='lat' dir='ltr'>nomeu</span> <span class='ocrx_word' id='word_1_59' title='bbox 402 954 484 1014; x_wconf 89' lang='lat' dir='ltr'>hand</span> <span class='ocrx_word' id='word_1_60' title='bbox 500 953 627 1013; x_wconf 91' lang='lat' dir='ltr'>dubium</span> <span class='ocrx_word' id='word_1_61' title='bbox 643 962 703 1024; x_wconf 78' lang='lat' dir='ltr'>ost;</span> <span class='ocrx_word' id='word_1_62' title='bbox 726 973 780 1030; x_wconf 91' lang='lat' dir='ltr'>pro</span> <span class='ocrx_word' id='word_1_63' title='bbox 795 951 900 1012; x_wconf 87' lang='lat' dir='ltr'>Annio</span> <span class='ocrx_word' id='word_1_64' title='bbox 919 951 1110 1031; x_wconf 80' lang='lat' dir='ltr'>Servilioque</span> 
     </span>
     <span class='ocr_line' id='line_1_10' title="bbox 206 1032 1108 1110; baseline -0.002 -15"><span class='ocrx_word' id='word_1_65' title='bbox 206 1035 259 1096; x_wconf 90' lang='lat' dir='ltr'>M&#39;.</span> <span class='ocrx_word' id='word_1_66' title='bbox 271 1035 407 1095; x_wconf 88' lang='lat' dir='ltr'>Acilium</span> <span class='ocrx_word' id='word_1_67' title='bbox 422 1042 452 1095; x_wconf 91' lang='lat' dir='ltr'>et</span> <span class='ocrx_word' id='word_1_68' title='bbox 467 1033 499 1095; x_wconf 86' lang='lat' dir='ltr'>C.</span> <span class='ocrx_word' id='word_1_69' title='bbox 511 1033 702 1092; x_wconf 84' lang='lat' dir='ltr'>Herennium</span> <span class='ocrx_word' id='word_1_70' title='bbox 714 1032 829 1092; x_wconf 88' lang='lat' dir='ltr'>habent</span> <span class='ocrx_word' id='word_1_71' title='bbox 838 1032 962 1110; x_wconf 90' lang='lat' dir='ltr'>quidam</span> <span class='ocrx_word' id='word_1_72' title='bbox 973 1033 1108 1106; x_wconf 87' lang='lat' dir='ltr'>annales,</span> 
     </span>
     <span class='ocr_line' id='line_1_11' title="bbox 153 1112 1108 1191; baseline -0.006 -13"><span class='ocrx_word' id='word_1_73' title='bbox 153 1116 193 1178; x_wconf 88' lang='lat'>10</span> <span class='ocrx_word' id='word_1_74' title='bbox 206 1115 260 1177; x_wconf 89' lang='lat' dir='ltr'>alii</span> <span class='ocrx_word' id='word_1_75' title='bbox 280 1115 315 1176; x_wconf 89' lang='lat' dir='ltr'>P.</span> <span class='ocrx_word' id='word_1_76' title='bbox 331 1115 506 1176; x_wconf 82' lang='lat' dir='ltr'>Cornelium</span> <span class='ocrx_word' id='word_1_77' title='bbox 522 1113 650 1174; x_wconf 82' lang='lat' dir='ltr'>Asinam</span> <span class='ocrx_word' id='word_1_78' title='bbox 666 1123 696 1172; x_wconf 91' lang='lat' dir='ltr'>et</span> <span class='ocrx_word' id='word_1_79' title='bbox 710 1113 743 1173; x_wconf 79' lang='lat' dir='ltr'>O.</span> <span class='ocrx_word' id='word_1_80' title='bbox 760 1112 919 1191; x_wconf 89' lang='lat' dir='ltr'>Papirium</span> <span class='ocrx_word' id='word_1_81' title='bbox 941 1113 1108 1173; x_wconf 77' lang='lat' dir='ltr'>Masonem</span> 
     </span>
     <span class='ocr_line' id='line_1_12' title="bbox 205 1193 1109 1276; baseline -0.003 -20"><span class='ocrx_word' id='word_1_82' title='bbox 205 1197 243 1256; x_wconf 94' lang='lat' dir='ltr'>Id</span> <span class='ocrx_word' id='word_1_83' title='bbox 258 1215 377 1276; x_wconf 90' lang='lat' dir='ltr'>quoque</span> <span class='ocrx_word' id='word_1_84' title='bbox 387 1194 516 1255; x_wconf 88' lang='lat' dir='ltr'>dubium</span> <span class='ocrx_word' id='word_1_85' title='bbox 527 1203 579 1267; x_wconf 89' lang='lat' dir='ltr'>est,</span> <span class='ocrx_word' id='word_1_86' title='bbox 591 1193 685 1272; x_wconf 89' lang='lat' dir='ltr'>legati</span> <span class='ocrx_word' id='word_1_87' title='bbox 700 1193 738 1253; x_wconf 88' lang='lat' dir='ltr'>ad</span> <span class='ocrx_word' id='word_1_88' title='bbox 754 1193 1010 1272; x_wconf 84' lang='lat' dir='ltr'>expostulandum</span> <span class='ocrx_word' id='word_1_89' title='bbox 1024 1193 1109 1254; x_wconf 88' lang='lat' dir='ltr'>missi</span> 
     </span>
     <span class='ocr_line' id='line_1_13' title="bbox 204 1274 1109 1353; baseline -0.002 -16"><span class='ocrx_word' id='word_1_90' title='bbox 204 1277 244 1337; x_wconf 94' lang='lat' dir='ltr'>ad</span> <span class='ocrx_word' id='word_1_91' title='bbox 256 1275 347 1336; x_wconf 89' lang='lat' dir='ltr'>Boios</span> <span class='ocrx_word' id='word_1_92' title='bbox 358 1275 464 1337; x_wconf 90' lang='lat' dir='ltr'>violati</span> <span class='ocrx_word' id='word_1_93' title='bbox 478 1275 539 1335; x_wconf 88' lang='lat' dir='ltr'>sint</span> <span class='ocrx_word' id='word_1_94' title='bbox 554 1295 598 1353; x_wconf 73' lang='lat' dir='ltr'>an</span> <span class='ocrx_word' id='word_1_95' title='bbox 610 1275 642 1333; x_wconf 93' lang='lat' dir='ltr'>in</span> <span class='ocrx_word' id='word_1_96' title='bbox 654 1274 829 1336; x_wconf 85' lang='lat' dir='ltr'>triumviros</span> <span class='ocrx_word' id='word_1_97' title='bbox 843 1293 950 1352; x_wconf 91' lang='lat' dir='ltr'>agrum</span> <span class='ocrx_word' id='word_1_98' title='bbox 966 1274 1109 1335; x_wconf 81' lang='lat' dir='ltr'>metantis</span> 
     </span>
     <span class='ocr_line' id='line_1_14' title="bbox 203 1321 623 1436; baseline -0.012 -18"><span class='ocrx_word' id='word_1_99' title='bbox 203 1358 334 1436; x_wconf 87' lang='lat' dir='ltr'>impetus</span> <span class='ocrx_word' id='word_1_100' title='bbox 347 1358 387 1417; x_wconf 87' lang='lat' dir='ltr'>sit</span> <span class='ocrx_word' id='word_1_101' title='bbox 400 1321 580 1416; x_wconf 42' lang='lat' dir='ltr'>faetuszlta</span> <span class='ocrx_word' id='word_1_102' title='bbox 618 1405 623 1413; x_wconf 83' lang='grc'>,.</span> 
     </span>
     <span class='ocr_line' id='line_1_15' title="bbox 244 1435 1108 1514; baseline -0.002 -17"><span class='ocrx_word' id='word_1_103' title='bbox 244 1437 384 1498; x_wconf 89' lang='lat' dir='ltr'>Mutinae</span> <span class='ocrx_word' id='word_1_104' title='bbox 403 1457 472 1496; x_wconf 90' lang='lat' dir='ltr'>cum</span> <span class='ocrx_word' id='word_1_105' title='bbox 490 1435 709 1506; x_wconf 75' lang='lat' dir='ltr'>obsiderentur,</span> <span class='ocrx_word' id='word_1_106' title='bbox 724 1443 754 1495; x_wconf 90' lang='lat' dir='ltr'>et</span> <span class='ocrx_word' id='word_1_107' title='bbox 774 1455 847 1514; x_wconf 87' lang='lat' dir='ltr'>gens</span> <span class='ocrx_word' id='word_1_108' title='bbox 869 1435 908 1494; x_wconf 87' lang='lat' dir='ltr'>ad</span> <span class='ocrx_word' id='word_1_109' title='bbox 930 1455 1108 1514; x_wconf 87' lang='lat' dir='ltr'>oppugnan-</span> 
     </span>
     <span class='ocr_line' id='line_1_16' title="bbox 152 1515 1108 1594; baseline -0.005 -15"><span class='ocrx_word' id='word_1_110' title='bbox 152 1518 313 1580; x_wconf 73' lang='lat' dir='ltr'>ledarum</span> <span class='ocrx_word' id='word_1_111' title='bbox 329 1517 451 1577; x_wconf 90' lang='lat' dir='ltr'>urbium</span> <span class='ocrx_word' id='word_1_112' title='bbox 469 1526 548 1576; x_wconf 91' lang='lat' dir='ltr'>artes</span> <span class='ocrx_word' id='word_1_113' title='bbox 567 1517 660 1588; x_wconf 87' lang='lat' dir='ltr'>rudis,</span> <span class='ocrx_word' id='word_1_114' title='bbox 675 1516 840 1594; x_wconf 87' lang='lat' dir='ltr'>pigerrima</span> <span class='ocrx_word' id='word_1_115' title='bbox 854 1515 958 1576; x_wconf 90' lang='lat' dir='ltr'>eadem</span> <span class='ocrx_word' id='word_1_116' title='bbox 975 1515 1013 1576; x_wconf 89' lang='lat' dir='ltr'>ad</span> <span class='ocrx_word' id='word_1_117' title='bbox 1029 1515 1108 1574; x_wconf 91' lang='lat' dir='ltr'>mili-</span> 
     </span>
     <span class='ocr_line' id='line_1_17' title="bbox 204 1596 1107 1678; baseline -0.003 -19"><span class='ocrx_word' id='word_1_118' title='bbox 204 1599 284 1659; x_wconf 88' lang='lat' dir='ltr'>taria</span> <span class='ocrx_word' id='word_1_119' title='bbox 298 1619 397 1678; x_wconf 88' lang='lat' dir='ltr'>opera,</span> <span class='ocrx_word' id='word_1_120' title='bbox 412 1597 512 1676; x_wconf 88' lang='lat' dir='ltr'>segnis</span> <span class='ocrx_word' id='word_1_121' title='bbox 533 1597 656 1657; x_wconf 80' lang='lat' dir='ltr'>intactis</span> <span class='ocrx_word' id='word_1_122' title='bbox 678 1596 829 1656; x_wconf 83' lang='lat' dir='ltr'>adsideret</span> <span class='ocrx_word' id='word_1_123' title='bbox 851 1597 952 1668; x_wconf 81' lang='lat' dir='ltr'>muris,</span> <span class='ocrx_word' id='word_1_124' title='bbox 967 1596 1107 1656; x_wconf 88' lang='lat' dir='ltr'>simulari</span> 
     </span>
     <span class='ocr_line' id='line_1_18' title="bbox 203 1676 1108 1758; baseline -0.003 -19"><span class='ocrx_word' id='word_1_125' title='bbox 203 1689 343 1758; x_wconf 82' lang='lat' dir='ltr'>coeptum</span> <span class='ocrx_word' id='word_1_126' title='bbox 361 1679 398 1738; x_wconf 91' lang='lat' dir='ltr'>de</span> <span class='ocrx_word' id='word_1_127' title='bbox 416 1699 491 1756; x_wconf 88' lang='lat' dir='ltr'>pace</span> <span class='ocrx_word' id='word_1_128' title='bbox 511 1678 578 1756; x_wconf 89' lang='lat' dir='ltr'>agi;</span> <span class='ocrx_word' id='word_1_129' title='bbox 600 1678 779 1756; x_wconf 90' lang='lat' dir='ltr'>evocatique</span> <span class='ocrx_word' id='word_1_130' title='bbox 793 1676 832 1736; x_wconf 92' lang='lat' dir='ltr'>ab</span> <span class='ocrx_word' id='word_1_131' title='bbox 848 1676 1008 1737; x_wconf 87' lang='lat' dir='ltr'>Gallorum</span> <span class='ocrx_word' id='word_1_132' title='bbox 1025 1677 1108 1756; x_wconf 89' lang='lat' dir='ltr'>prin-</span> 
     </span>
     <span class='ocr_line' id='line_1_19' title="bbox 203 1757 1107 1838; baseline -0.002 -18"><span class='ocrx_word' id='word_1_133' title='bbox 203 1758 321 1838; x_wconf 89' lang='lat' dir='ltr'>cipibus</span> <span class='ocrx_word' id='word_1_134' title='bbox 342 1759 435 1837; x_wconf 86' lang='lat' dir='ltr'>legati</span> <span class='ocrx_word' id='word_1_135' title='bbox 457 1759 496 1818; x_wconf 89' lang='lat' dir='ltr'>ad</span> <span class='ocrx_word' id='word_1_136' title='bbox 518 1758 721 1836; x_wconf 88' lang='lat' dir='ltr'>conloquium,</span> <span class='ocrx_word' id='word_1_137' title='bbox 741 1778 800 1817; x_wconf 92' lang='lat' dir='ltr'>non</span> <span class='ocrx_word' id='word_1_138' title='bbox 823 1767 929 1816; x_wconf 89' lang='lat' dir='ltr'>contra</span> <span class='ocrx_word' id='word_1_139' title='bbox 944 1757 995 1836; x_wconf 87' lang='lat' dir='ltr'>jus</span> <span class='ocrx_word' id='word_1_140' title='bbox 1016 1757 1107 1818; x_wconf 91' lang='lat' dir='ltr'>modo</span> 
     </span>
     <span class='ocr_line' id='line_1_20' title="bbox 202 1837 1106 1920; baseline -0.002 -20"><span class='ocrx_word' id='word_1_141' title='bbox 202 1841 349 1920; x_wconf 84' lang='lat' dir='ltr'>gentium,</span> <span class='ocrx_word' id='word_1_142' title='bbox 364 1840 415 1900; x_wconf 90' lang='lat' dir='ltr'>scd</span> <span class='ocrx_word' id='word_1_143' title='bbox 433 1839 549 1903; x_wconf 83' lang='lat' dir='ltr'>violata</span> <span class='ocrx_word' id='word_1_144' title='bbox 570 1839 671 1910; x_wconf 88' lang='lat' dir='ltr'>etiam,</span> <span class='ocrx_word' id='word_1_145' title='bbox 687 1859 764 1917; x_wconf 89' lang='lat' dir='ltr'>quae</span> <span class='ocrx_word' id='word_1_146' title='bbox 786 1837 859 1898; x_wconf 86' lang='lat' dir='ltr'>data</span> <span class='ocrx_word' id='word_1_147' title='bbox 880 1838 910 1896; x_wconf 94' lang='lat' dir='ltr'>in</span> <span class='ocrx_word' id='word_1_148' title='bbox 933 1838 963 1896; x_wconf 91' lang='lat' dir='ltr'>id</span> <span class='ocrx_word' id='word_1_149' title='bbox 985 1847 1106 1916; x_wconf 86' lang='lat' dir='ltr'>tempus</span> 
     </span>
     <span class='ocr_line' id='line_1_21' title="bbox 150 1917 1105 2001; baseline -0.001 -21"><span class='ocrx_word' id='word_1_150' title='bbox 150 1920 189 1981; x_wconf 79' lang='lat'>20</span> <span class='ocrx_word' id='word_1_151' title='bbox 203 1931 277 1994; x_wconf 84' lang='lat' dir='ltr'>erat,</span> <span class='ocrx_word' id='word_1_152' title='bbox 298 1922 366 1994; x_wconf 88' lang='lat' dir='ltr'>fide,</span> <span class='ocrx_word' id='word_1_153' title='bbox 388 1920 683 2001; x_wconf 88' lang='lat' dir='ltr'>conprehenduntnr,</span> <span class='ocrx_word' id='word_1_154' title='bbox 705 1919 886 1998; x_wconf 81' lang='lat' dir='ltr'>negantibus</span> <span class='ocrx_word' id='word_1_155' title='bbox 912 1917 1021 1992; x_wconf 86' lang='lat' dir='ltr'>Gallis,</span> <span class='ocrx_word' id='word_1_156' title='bbox 1046 1918 1105 1979; x_wconf 91' lang='lat' dir='ltr'>nisi</span> 
     </span>
     <span class='ocr_line' id='line_1_22' title="bbox 202 1999 1105 2076; baseline -0.003 -13"><span class='ocrx_word' id='word_1_157' title='bbox 202 2002 321 2063; x_wconf 86' lang='lat' dir='ltr'>obsides</span> <span class='ocrx_word' id='word_1_158' title='bbox 341 2003 397 2063; x_wconf 89' lang='lat' dir='ltr'>sibi</span> <span class='ocrx_word' id='word_1_159' title='bbox 419 2003 625 2076; x_wconf 86' lang='lat' dir='ltr'>redderentur,</span> <span class='ocrx_word' id='word_1_160' title='bbox 641 2021 689 2060; x_wconf 87' lang='lat' dir='ltr'>eos</span> <span class='ocrx_word' id='word_1_161' title='bbox 704 2001 887 2060; x_wconf 88' lang='lat' dir='ltr'>dimissuros.</span> <span class='ocrx_word' id='word_1_162' title='bbox 929 1999 1006 2060; x_wconf 77' lang='lat' dir='ltr'>(lum</span> <span class='ocrx_word' id='word_1_163' title='bbox 1028 1999 1105 2060; x_wconf 83' lang='lat' dir='ltr'>liaeo</span> 
     </span>
     <span class='ocr_line' id='line_1_23' title="bbox 203 2081 1105 2162; baseline -0.003 -19"><span class='ocrx_word' id='word_1_164' title='bbox 203 2083 240 2143; x_wconf 90' lang='lat' dir='ltr'>de</span> <span class='ocrx_word' id='word_1_165' title='bbox 255 2085 363 2162; x_wconf 84' lang='lat' dir='ltr'>legatis</span> <span class='ocrx_word' id='word_1_166' title='bbox 381 2085 524 2144; x_wconf 89' lang='lat' dir='ltr'>nuntiata</span> <span class='ocrx_word' id='word_1_167' title='bbox 544 2091 642 2143; x_wconf 87' lang='lat' dir='ltr'>essent</span> <span class='ocrx_word' id='word_1_168' title='bbox 663 2091 694 2141; x_wconf 87' lang='lat' dir='ltr'>et</span> <span class='ocrx_word' id='word_1_169' title='bbox 714 2082 838 2142; x_wconf 89' lang='lat' dir='ltr'>Mutina</span> <span class='ocrx_word' id='word_1_170' title='bbox 859 2081 1105 2160; x_wconf 84' lang='lat' dir='ltr'>praesidiumque</span> 
     </span>
     <span class='ocr_line' id='line_1_24' title="bbox 203 2163 1104 2244; baseline -0.003 -21"><span class='ocrx_word' id='word_1_171' title='bbox 203 2164 234 2223; x_wconf 92' lang='lat' dir='ltr'>in</span> <span class='ocrx_word' id='word_1_172' title='bbox 260 2165 396 2244; x_wconf 87' lang='lat' dir='ltr'>periculo</span> <span class='ocrx_word' id='word_1_173' title='bbox 421 2174 506 2238; x_wconf 87' lang='lat' dir='ltr'>esset,</span> <span class='ocrx_word' id='word_1_174' title='bbox 527 2163 563 2224; x_wconf 91' lang='lat' dir='ltr'>L.</span> <span class='ocrx_word' id='word_1_175' title='bbox 586 2163 722 2223; x_wconf 91' lang='lat' dir='ltr'>Manlius</span> <span class='ocrx_word' id='word_1_176' title='bbox 743 2172 865 2241; x_wconf 81' lang='lat' dir='ltr'>praetor</span> <span class='ocrx_word' id='word_1_177' title='bbox 888 2163 935 2221; x_wconf 91' lang='lat' dir='ltr'>ira</span> <span class='ocrx_word' id='word_1_178' title='bbox 959 2181 1104 2222; x_wconf 88' lang='lat' dir='ltr'>accensus</span> 
     </span>
     <span class='ocr_line' id='line_1_25' title="bbox 203 2241 1104 2325; baseline -0.006 -20"><span class='ocrx_word' id='word_1_179' title='bbox 203 2244 329 2305; x_wconf 87' lang='lat' dir='ltr'>effusum</span> <span class='ocrx_word' id='word_1_180' title='bbox 362 2265 469 2325; x_wconf 84' lang='lat' dir='ltr'>agmen</span> <span class='ocrx_word' id='word_1_181' title='bbox 497 2245 536 2305; x_wconf 91' lang='lat' dir='ltr'>ad</span> <span class='ocrx_word' id='word_1_182' title='bbox 565 2245 720 2306; x_wconf 87' lang='lat' dir='ltr'>Mutinam</span> <span class='ocrx_word' id='word_1_183' title='bbox 750 2243 842 2304; x_wconf 88' lang='lat' dir='ltr'>ducit.</span> <span class='ocrx_word' id='word_1_184' title='bbox 899 2241 1001 2303; x_wconf 82' lang='lat' dir='ltr'>Silvae</span> <span class='ocrx_word' id='word_1_185' title='bbox 1029 2251 1104 2301; x_wconf 88' lang='lat' dir='ltr'>tunc</span> 
     </span>
     <span class='ocr_line' id='line_1_26' title="bbox 150 2321 1104 2404; baseline -0.002 -20"><span class='ocrx_word' id='word_1_186' title='bbox 150 2322 189 2384; x_wconf 82' lang='lat'>25</span> <span class='ocrx_word' id='word_1_187' title='bbox 203 2326 284 2386; x_wconf 87' lang='lat' dir='ltr'>circa</span> <span class='ocrx_word' id='word_1_188' title='bbox 298 2327 379 2387; x_wconf 80' lang='lat' dir='ltr'>viam</span> <span class='ocrx_word' id='word_1_189' title='bbox 395 2335 490 2399; x_wconf 86' lang='lat' dir='ltr'>erant,</span> <span class='ocrx_word' id='word_1_190' title='bbox 505 2326 657 2404; x_wconf 88' lang='lat' dir='ltr'>plerisque</span> <span class='ocrx_word' id='word_1_191' title='bbox 671 2323 830 2401; x_wconf 43' lang='lat' dir='ltr'>inculti&amp;</span> <span class='ocrx_word' id='word_1_192' title='bbox 839 2323 898 2396; x_wconf 92' lang='lat' dir='ltr'>Ibi,</span> <span class='ocrx_word' id='word_1_193' title='bbox 911 2321 1104 2401; x_wconf 85' lang='lat' dir='ltr'>inexplorato</span> 
     </span>
     <span class='ocr_line' id='line_1_27' title="bbox 202 2403 1104 2486; baseline 0 -22"><span class='ocrx_word' id='word_1_194' title='bbox 202 2405 362 2486; x_wconf 86' lang='lat' dir='ltr'>profectus,</span> <span class='ocrx_word' id='word_1_195' title='bbox 374 2407 406 2465; x_wconf 91' lang='lat' dir='ltr'>in</span> <span class='ocrx_word' id='word_1_196' title='bbox 421 2406 544 2467; x_wconf 83' lang='lat' dir='ltr'>insidias</span> <span class='ocrx_word' id='word_1_197' title='bbox 559 2406 748 2484; x_wconf 88' lang='lat' dir='ltr'>praecipitat,</span> <span class='ocrx_word' id='word_1_198' title='bbox 759 2405 917 2483; x_wconf 80' lang='lat' dir='ltr'>multaque</span> <span class='ocrx_word' id='word_1_199' title='bbox 930 2424 1000 2462; x_wconf 91' lang='lat' dir='ltr'>cum</span> <span class='ocrx_word' id='word_1_200' title='bbox 1011 2403 1104 2464; x_wconf 90' lang='lat' dir='ltr'>caede</span> 
     </span>
     <span class='ocr_line' id='line_1_28' title="bbox 101 2483 1105 2572; baseline -0.004 -26"><span class='ocrx_word' id='word_1_201' title='bbox 101 2556 110 2572; x_wconf 42' lang='grc'>1</span> <span class='ocrx_word' id='word_1_202' title='bbox 202 2507 324 2546; x_wconf 89' lang='lat' dir='ltr'>suorum</span> <span class='ocrx_word' id='word_1_203' title='bbox 339 2507 428 2566; x_wconf 85' lang='lat' dir='ltr'>aegre</span> <span class='ocrx_word' id='word_1_204' title='bbox 442 2487 474 2546; x_wconf 92' lang='lat' dir='ltr'>in</span> <span class='ocrx_word' id='word_1_205' title='bbox 489 2495 608 2566; x_wconf 90' lang='lat' dir='ltr'>apertos</span> <span class='ocrx_word' id='word_1_206' title='bbox 629 2507 750 2564; x_wconf 88' lang='lat' dir='ltr'>campos</span> <span class='ocrx_word' id='word_1_207' title='bbox 766 2485 896 2546; x_wconf 83' lang='lat' dir='ltr'>emersit</span> <span class='ocrx_word' id='word_1_208' title='bbox 939 2483 988 2543; x_wconf 89' lang='lat' dir='ltr'>Ibi</span> <span class='ocrx_word' id='word_1_209' title='bbox 1003 2492 1105 2543; x_wconf 86' lang='lat' dir='ltr'>castra</span> 
     </span>
     <span class='ocr_line' id='line_1_29' title="bbox 203 2563 1104 2646; baseline -0.003 -19"><span class='ocrx_word' id='word_1_210' title='bbox 203 2568 398 2640; x_wconf 87' lang='lat' dir='ltr'>communita,</span> <span class='ocrx_word' id='word_1_211' title='bbox 417 2577 456 2640; x_wconf 89' lang='lat' dir='ltr'>et,</span> <span class='ocrx_word' id='word_1_212' title='bbox 476 2567 549 2646; x_wconf 87' lang='lat' dir='ltr'>quia</span> <span class='ocrx_word' id='word_1_213' title='bbox 569 2565 669 2626; x_wconf 84' lang='lat' dir='ltr'>Gallis</span> <span class='ocrx_word' id='word_1_214' title='bbox 690 2566 731 2626; x_wconf 91' lang='lat' dir='ltr'>ad</span> <span class='ocrx_word' id='word_1_215' title='bbox 752 2565 929 2644; x_wconf 87' lang='lat' dir='ltr'>temptanda</span> <span class='ocrx_word' id='word_1_216' title='bbox 949 2585 985 2624; x_wconf 89' lang='lat' dir='ltr'>ea</span> <span class='ocrx_word' id='word_1_217' title='bbox 1005 2563 1104 2624; x_wconf 86' lang='lat' dir='ltr'>defuit</span> 
     </span>
     <span class='ocr_line' id='line_1_30' title="bbox 202 2645 1103 2726; baseline -0.004 -20"><span class='ocrx_word' id='word_1_218' title='bbox 202 2667 276 2726; x_wconf 86' lang='lat' dir='ltr'>spes,</span> <span class='ocrx_word' id='word_1_219' title='bbox 287 2648 389 2707; x_wconf 89' lang='lat' dir='ltr'>refecti</span> <span class='ocrx_word' id='word_1_220' title='bbox 402 2657 473 2707; x_wconf 87' lang='lat' dir='ltr'>sunt</span> <span class='ocrx_word' id='word_1_221' title='bbox 484 2648 617 2706; x_wconf 86' lang='lat' dir='ltr'>militum</span> <span class='ocrx_word' id='word_1_222' title='bbox 632 2647 736 2719; x_wconf 87' lang='lat' dir='ltr'>animi,</span> <span class='ocrx_word' id='word_1_223' title='bbox 746 2666 931 2724; x_wconf 90' lang='lat' dir='ltr'>quamquam</span> <span class='ocrx_word' id='word_1_224' title='bbox 946 2646 985 2704; x_wconf 89' lang='lat' dir='ltr'>ad</span> <span class='ocrx_word' id='word_1_225' title='bbox 1002 2645 1103 2722; x_wconf 89' lang='lat' dir='ltr'>[quin-</span> 
     </span>
     <span class='ocr_line' id='line_1_31' title="bbox 149 2723 1103 2806; baseline 0.001 -23"><span class='ocrx_word' id='word_1_226' title='bbox 149 2723 188 2784; x_wconf 92' lang='grc'>30</span> <span class='ocrx_word' id='word_1_227' title='bbox 202 2730 321 2806; x_wconf 87' lang='lat' dir='ltr'>gentos]</span> <span class='ocrx_word' id='word_1_228' title='bbox 338 2728 479 2788; x_wconf 88' lang='lat' dir='ltr'>cecidisse</span> <span class='ocrx_word' id='word_1_229' title='bbox 493 2729 565 2788; x_wconf 90' lang='lat' dir='ltr'>satis</span> <span class='ocrx_word' id='word_1_230' title='bbox 580 2727 746 2788; x_wconf 85' lang='lat' dir='ltr'>constabat.</span> <span class='ocrx_word' id='word_1_231' title='bbox 789 2726 853 2785; x_wconf 89' lang='lat' dir='ltr'>Iter</span> <span class='ocrx_word' id='word_1_232' title='bbox 870 2725 979 2786; x_wconf 88' lang='lat' dir='ltr'>deinde</span> <span class='ocrx_word' id='word_1_233' title='bbox 1000 2725 1038 2784; x_wconf 90' lang='lat' dir='ltr'>de</span> <span class='ocrx_word' id='word_1_234' title='bbox 1059 2724 1103 2784; x_wconf 88' lang='lat' dir='ltr'>in-</span> 
     </span>
     <span class='ocr_line' id='line_1_32' title="bbox 202 2805 1104 2886; baseline -0.003 -20"><span class='ocrx_word' id='word_1_235' title='bbox 202 2816 286 2886; x_wconf 89' lang='lat' dir='ltr'>tegro</span> <span class='ocrx_word' id='word_1_236' title='bbox 302 2817 450 2886; x_wconf 86' lang='lat' dir='ltr'>coeptum,</span> <span class='ocrx_word' id='word_1_237' title='bbox 466 2829 530 2881; x_wconf 88' lang='lat' dir='ltr'>nec,</span> <span class='ocrx_word' id='word_1_238' title='bbox 546 2808 617 2866; x_wconf 89' lang='lat' dir='ltr'>dum</span> <span class='ocrx_word' id='word_1_239' title='bbox 634 2817 687 2886; x_wconf 87' lang='lat' dir='ltr'>per</span> <span class='ocrx_word' id='word_1_240' title='bbox 701 2807 837 2886; x_wconf 86' lang='lat' dir='ltr'>patentia</span> <span class='ocrx_word' id='word_1_241' title='bbox 852 2806 919 2866; x_wconf 90' lang='lat' dir='ltr'>loca</span> <span class='ocrx_word' id='word_1_242' title='bbox 933 2805 1104 2865; x_wconf 85' lang='lat' dir='ltr'>ducebatur</span> 
     </span>
     <span class='ocr_line' id='line_1_33' title="bbox 202 2886 1101 2968; baseline -0.002 -22"><span class='ocrx_word' id='word_1_243' title='bbox 202 2908 320 2966; x_wconf 87' lang='lat' dir='ltr'>agmen,</span> <span class='ocrx_word' id='word_1_244' title='bbox 342 2889 487 2968; x_wconf 84' lang='lat' dir='ltr'>apparuit</span> <span class='ocrx_word' id='word_1_245' title='bbox 507 2889 617 2960; x_wconf 85' lang='lat' dir='ltr'>hostis;</span> <span class='ocrx_word' id='word_1_246' title='bbox 639 2889 693 2948; x_wconf 91' lang='lat' dir='ltr'>ubi</span> <span class='ocrx_word' id='word_1_247' title='bbox 717 2907 819 2948; x_wconf 88' lang='lat' dir='ltr'>rursus</span> <span class='ocrx_word' id='word_1_248' title='bbox 843 2887 939 2946; x_wconf 88' lang='lat' dir='ltr'>silvae</span> <span class='ocrx_word' id='word_1_249' title='bbox 960 2886 1101 2957; x_wconf 86' lang='lat' dir='ltr'>intratae,</span> 
     </span>
     <span class='ocr_line' id='line_1_34' title="bbox 201 2967 1103 3047; baseline -0.001 -20"><span class='ocrx_word' id='word_1_250' title='bbox 201 2977 266 3028; x_wconf 89' lang='lat' dir='ltr'>tum</span> <span class='ocrx_word' id='word_1_251' title='bbox 292 2979 456 3047; x_wconf 87' lang='lat' dir='ltr'>postremos</span> <span class='ocrx_word' id='word_1_252' title='bbox 480 2968 579 3029; x_wconf 89' lang='lat' dir='ltr'>adorti</span> <span class='ocrx_word' id='word_1_253' title='bbox 604 2989 672 3028; x_wconf 84' lang='lat' dir='ltr'>curu</span> <span class='ocrx_word' id='word_1_254' title='bbox 697 2989 810 3046; x_wconf 86' lang='lat' dir='ltr'>magna</span> <span class='ocrx_word' id='word_1_255' title='bbox 837 2967 1039 3046; x_wconf 73' lang='lat' dir='ltr'>trepidatione</span> <span class='ocrx_word' id='word_1_256' title='bbox 1066 2985 1103 3034; x_wconf 87' lang='lat' dir='ltr'>ac</span> 
     </span>
     <span class='ocr_line' id='line_1_35' title="bbox 201 3047 1102 3128; baseline -0.004 -20"><span class='ocrx_word' id='word_1_257' title='bbox 201 3067 313 3128; x_wconf 89' lang='lat' dir='ltr'>pavore</span> <span class='ocrx_word' id='word_1_258' title='bbox 333 3051 468 3108; x_wconf 90' lang='lat' dir='ltr'>omnium</span> <span class='ocrx_word' id='word_1_259' title='bbox 490 3050 694 3126; x_wconf 83' lang='lat' dir='ltr'>septingentos</span> <span class='ocrx_word' id='word_1_260' title='bbox 715 3049 827 3108; x_wconf 87' lang='lat' dir='ltr'>milites</span> <span class='ocrx_word' id='word_1_261' title='bbox 848 3047 1102 3116; x_wconf 75' lang='lat' dir='ltr'>occiderunt&#39;‚‘sex</span> 
     </span>
     <span class='ocr_line' id='line_1_36' title="bbox 148 3125 1101 3212; baseline 0 -28"><span class='ocrx_word' id='word_1_262' title='bbox 148 3125 186 3184; x_wconf 85' lang='lat'>35</span> <span class='ocrx_word' id='word_1_263' title='bbox 200 3129 287 3206; x_wconf 87' lang='lat' dir='ltr'>signa</span> <span class='ocrx_word' id='word_1_264' title='bbox 302 3130 448 3189; x_wconf 89' lang='lat' dir='ltr'>ademere.</span> <span class='ocrx_word' id='word_1_265' title='bbox 491 3129 577 3188; x_wconf 86' lang='lat' dir='ltr'>Finis</span> <span class='ocrx_word' id='word_1_266' title='bbox 588 3138 621 3188; x_wconf 89' lang='lat' dir='ltr'>et</span> <span class='ocrx_word' id='word_1_267' title='bbox 635 3128 736 3188; x_wconf 81' lang='lat' dir='ltr'>Gallis</span> <span class='ocrx_word' id='word_1_268' title='bbox 749 3127 911 3212; x_wconf 71' lang='lat' dir='ltr'>territandi</span> <span class='ocrx_word' id='word_1_269' title='bbox 926 3136 954 3185; x_wconf 88' lang='lat' dir='ltr'>et</span> <span class='ocrx_word' id='word_1_270' title='bbox 969 3125 1101 3203; x_wconf 84' lang='lat' dir='ltr'>pavendi</span> 
     </span>
     <span class='ocr_line' id='line_1_37' title="bbox 200 3207 1101 3286; baseline 0 -20"><span class='ocrx_word' id='word_1_271' title='bbox 200 3207 260 3268; x_wconf 85' lang='lat' dir='ltr'>fuit</span> <span class='ocrx_word' id='word_1_272' title='bbox 274 3209 430 3280; x_wconf 86' lang='lat' dir='ltr'>Romanis,</span> <span class='ocrx_word' id='word_1_273' title='bbox 441 3217 476 3268; x_wconf 84' lang='lat' dir='ltr'>ut</span> <span class='ocrx_word' id='word_1_274' title='bbox 491 3229 506 3267; x_wconf 93' lang='lat' dir='ltr'>e</span> <span class='ocrx_word' id='word_1_275' title='bbox 520 3208 600 3268; x_wconf 87' lang='lat' dir='ltr'>saltu</span> <span class='ocrx_word' id='word_1_276' title='bbox 615 3209 698 3268; x_wconf 88' lang='lat' dir='ltr'>invio</span> <span class='ocrx_word' id='word_1_277' title='bbox 714 3219 804 3286; x_wconf 89' lang='lat' dir='ltr'>atque</span> <span class='ocrx_word' id='word_1_278' title='bbox 819 3207 955 3286; x_wconf 85' lang='lat' dir='ltr'>inpedito</span> <span class='ocrx_word' id='word_1_279' title='bbox 970 3225 1101 3266; x_wconf 83' lang='lat' dir='ltr'>evasere.</span> 
     </span>
     <span class='ocr_line' id='line_1_38' title="bbox 200 3285 1121 3368; baseline -0.003 -21"><span class='ocrx_word' id='word_1_280' title='bbox 200 3286 277 3354; x_wconf 89' lang='lat' dir='ltr'>Inde</span> <span class='ocrx_word' id='word_1_281' title='bbox 291 3290 403 3368; x_wconf 88' lang='lat' dir='ltr'>apertis</span> <span class='ocrx_word' id='word_1_282' title='bbox 418 3289 491 3350; x_wconf 91' lang='lat' dir='ltr'>locis</span> <span class='ocrx_word' id='word_1_283' title='bbox 506 3289 596 3348; x_wconf 86' lang='lat' dir='ltr'>facile</span> <span class='ocrx_word' id='word_1_284' title='bbox 610 3297 745 3348; x_wconf 86' lang='lat' dir='ltr'>tutantes</span> <span class='ocrx_word' id='word_1_285' title='bbox 760 3307 867 3366; x_wconf 89' lang='lat' dir='ltr'>agmen</span> <span class='ocrx_word' id='word_1_286' title='bbox 880 3287 1010 3348; x_wconf 74' lang='lat' dir='ltr'>Rtnnani</span> <span class='ocrx_word' id='word_1_287' title='bbox 1022 3285 1102 3344; x_wconf 82' lang='lat' dir='ltr'>&#39;lau-</span> <span class='ocrx_word' id='word_1_288' title='bbox 1118 3324 1121 3333; x_wconf 27' lang='grc' dir='ltr'><strong><em>κ</em></strong></span> 
     </span>
     <span class='ocr_line' id='line_1_39' title="bbox 199 3365 1101 3447; baseline -0.002 -20"><span class='ocrx_word' id='word_1_289' title='bbox 199 3377 313 3442; x_wconf 89' lang='lat' dir='ltr'>netum,</span> <span class='ocrx_word' id='word_1_290' title='bbox 327 3370 430 3430; x_wconf 89' lang='lat' dir='ltr'>vicum</span> <span class='ocrx_word' id='word_1_291' title='bbox 452 3369 630 3447; x_wconf 88' lang='lat' dir='ltr'>propincum</span> <span class='ocrx_word' id='word_1_292' title='bbox 653 3368 746 3440; x_wconf 89' lang='lat' dir='ltr'>Pad0,</span> <span class='ocrx_word' id='word_1_293' title='bbox 769 3368 956 3428; x_wconf 55' lang='lat' dir='ltr'>contendet.</span> <span class='ocrx_word' id='word_1_294' title='bbox 1001 3365 1048 3424; x_wconf 86' lang='lat' dir='ltr'>lbi</span> <span class='ocrx_word' id='word_1_295' title='bbox 1070 3386 1101 3426; x_wconf 87' lang='lat' dir='ltr'>so</span> 
     </span>
     <span class='ocr_line' id='line_1_40' title="bbox 198 3446 1100 3527; baseline 0 -20"><span class='ocrx_word' id='word_1_296' title='bbox 198 3450 386 3511; x_wconf 88' lang='lat' dir='ltr'>munimento</span> <span class='ocrx_word' id='word_1_297' title='bbox 407 3449 447 3510; x_wconf 92' lang='lat' dir='ltr'>ad</span> <span class='ocrx_word' id='word_1_298' title='bbox 468 3459 586 3527; x_wconf 73' lang='lat' dir='ltr'>tempu·</span> <span class='ocrx_word' id='word_1_299' title='bbox 608 3448 888 3527; x_wconf 83' lang='lat' dir='ltr'>commeatibusque</span> <span class='ocrx_word' id='word_1_300' title='bbox 912 3449 929 3506; x_wconf 72' lang='lat' dir='ltr'>tl</span> <span class='ocrx_word' id='word_1_301' title='bbox 946 3446 1045 3507; x_wconf 62' lang='lat' dir='ltr'>,mors</span> <span class='ocrx_word' id='word_1_302' title='bbox 1070 3453 1100 3508; x_wconf 80' lang='lat' dir='ltr'>et</span> 
     </span>
    </p>
   </div>
   <div class='ocr_carea' id='block_1_3' title="bbox 1073 3567 1082 3606">
    <p class='ocr_par' dir='ltr' id='par_1_3' title="bbox 1073 3567 1082 3606">
     <span class='ocr_line' id='line_1_41' title="bbox 1073 3567 1082 3606; baseline 0 0"><span class='ocrx_word' id='word_1_303' title='bbox 1073 3567 1082 3606; x_wconf 78' lang='lat' dir='ltr'>l</span> 
     </span>
    </p>
   </div>
   <div class='ocr_carea' id='block_1_4' title="bbox 1056 3607 1080 3754">
    <p class='ocr_par' dir='ltr' id='par_1_4' title="bbox 1056 3607 1080 3754">
     <span class='ocr_line' id='line_1_42' title="bbox 1056 3607 1080 3754; baseline -0.042 0"><span class='ocrx_word' id='word_1_304' title='bbox 1056 3607 1080 3754; x_wconf 83' lang='lat' dir='ltr'>l</span> 
     </span>
    </p>
   </div>
   <div class='ocr_carea' id='block_1_5' title="bbox 0 0 1288 3782">
    <p class='ocr_par' dir='ltr' id='par_1_5' title="bbox 0 0 1288 3782">
     <span class='ocr_line' id='line_1_43' title="bbox 0 0 1288 3782; baseline 0 3"><span class='ocrx_word' id='word_1_305' title='bbox 0 0 1288 3782; x_wconf 95' lang='lat' dir='ltr'> </span> 
     </span>
    </p>
   </div>
  </div>
 </body>
</html>
