2568 3782
435 234 566 280 nrnnn
592 236 684 301 xxi,
712 220 764 282 63.
1036 223 1097 286 141

138 398 211 452 ante
225 389 366 469 patribus
382 391 493 452 movit:
511 395 588 452 ‘non
600 411 668 452 cum
684 402 790 454 senatu
806 393 904 467 modo,
917 395 968 455 sed
980 396 1045 475 jam

138 490 209 536 cum
228 471 289 530 diis
308 470 521 532 inmortalibus
536 471 569 532 C.
585 472 774 534 Flaminium
797 473 911 534 bellum
934 497 1045 554 gerere.

138 549 304 611 Consulem
325 560 397 610 ante
418 551 607 630 inauspicato
628 553 743 613 factum
770 556 983 616 revocantibus
1008 577 1046 616 ex

139 631 207 708 ipsa
231 631 297 690 acic
318 631 375 690 diis
400 641 492 709 atquc
513 632 686 694 hominibus
709 655 769 693 non
791 636 943 713 paruissc3
965 657 1047 698 nunc

140 712 328 771 conscientia
351 722 519 791 spretorum
545 722 575 772 et
600 713 784 792 Capitolium
815 725 844 775 et
871 716 1046 777 sollemnem
1081 717 1100 778 5

140 800 283 852 votorum
304 794 560 870 nuncupationem
582 792 703 872 fugisse,
719 816 757 854 ne
778 796 828 855 die
849 797 917 856 initi
941 799 1047 875 magis·

141 879 240 931 tratus
255 870 343 933 Jovis
358 872 465 950 optimi
480 874 609 932 maximi
624 875 773 954 templum
789 877 896 948 adiret,
912 898 949 936 ne
963 898 1046 938 sena·

141 960 208 1011 tum
229 952 346 1013 invisus
368 953 430 1031 ipse
444 963 474 1013 et
488 953 544 1013 sibi
561 955 614 1013 uni
630 956 761 1015 invisum
776 956 893 1018 videret
913 958 1046 1018 consule

119 1077 128 1106 ,1
142 1041 258 1110 rctque,
270 1053 309 1092 nc
322 1032 451 1092 Latinas
465 1033 613 1095 indiceret
626 1036 648 1096 J
649 1037 759 1115 ovique
769 1037 888 1097 Latiari
902 1038 1046 1098 sollemne

142 1133 263 1172 sacrum
286 1113 318 1172 in
339 1122 441 1174 monte
462 1113 584 1187 faceret,
605 1137 643 1176 ne
665 1119 820 1196 auspicato
842 1117 992 1196 profectus
1014 1118 1046 1177 in
1062 1116 1100 1176 10

143 1192 332 1270 Capitolium
347 1194 386 1253 ad
398 1204 470 1256 vcta
484 1198 700 1276 nuncupanda,
712 1198 876 1276 paludatus
892 1199 962 1258 inde
976 1218 1046 1258 cum

143 1273 303 1334 lictoribus
324 1275 355 1333 in
377 1277 566 1354 provinciam
589 1278 655 1338 iret.
696 1278 795 1338 Lixac
813 1279 902 1339 modo
921 1279 985 1338 sine
1003 1279 1047 1338 in·

143 1354 291 1434 signibus,
302 1356 368 1416 sine
382 1355 540 1417 lictoribus
555 1358 724 1437 profectum
736 1359 824 1430 clam,
836 1359 951 1430 furtim,
963 1358 1046 1427 haud

143 1435 234 1495 aliter
255 1456 345 1514 quam
367 1436 392 1496 si
414 1437 500 1497 exilii
521 1459 613 1498 causa
636 1439 734 1499 solum
755 1440 901 1500 vertisset.
943 1438 1044 1517 Magis

144 1537 198 1597 pro
214 1518 371 1596 majestate
385 1518 529 1580 videlicet
543 1519 662 1598 imperii
675 1520 810 1579 Arimini
824 1539 915 1598 quam
931 1519 1046 1580 Romae
1062 1517 1100 1576 15

144 1597 357 1674 magistratum
393 1598 550 1672 initurum,
580 1610 610 1661 et
637 1601 668 1659 in
697 1601 868 1660 deversorio
902 1599 1046 1678 hospitali

144 1699 236 1756 quam
266 1688 341 1757 aput
368 1689 492 1759 penates
519 1701 587 1741 suos
614 1689 805 1760 praetextam
833 1679 1043 1760 sumpturum’

145 1759 365 1821 Revocandum
391 1760 526 1822 universi
553 1761 829 1840 retrahendumque
856 1768 1046 1833 censuerunt,

143 1850 175 1900 et
203 1841 372 1920 cogendum
408 1841 547 1902 omnibus
582 1843 666 1923 prius
700 1851 887 1921 praesentem
916 1841 948 1899 in
976 1840 1046 1900 deos

144 1921 340 2001 hominesque
364 1921 452 2002 fungi
473 1923 578 1984 officiis
599 1944 691 2002 quam
712 1923 751 1983 ad
773 1922 941 1983 exercitum
963 1930 993 1981 ct
1013 1921 1045 1980 in
1061 1924 1100 1985 20

144 2003 333 2082 provinciam
353 2003 417 2064 iret.
461 2003 587 2064 ineam
610 2005 790 2082 legationem
814 2002 944 2081 (legatos
965 2002 1045 2061 enim

143 2083 225 2144 mitti
245 2083 379 2162 placuit)
401 2085 440 2161 Q,
462 2085 620 2146 Terentius
641 2095 671 2145 et
692 2085 736 2144 M.
751 2084 904 2144 Antistius
918 2082 1045 2161 profecti

143 2164 242 2224 nihilo
264 2166 361 2243 magis
381 2187 449 2225 eum
471 2175 640 2235 moverunt,
656 2186 747 2244 quam
767 2165 867 2244 priore
886 2163 1045 2222 consulatu

143 2243 266 2304 litterae
294 2257 452 2307 moverant
480 2246 519 2306 ab
547 2256 654 2306 senatu
681 2247 795 2305 missae.
839 2244 955 2303 Paucos
979 2252 1047 2321 post

142 2325 207 2384 dies
228 2326 440 2404 magistratum
463 2327 541 2401 iniit,
557 2327 778 2405 inmolantique
800 2326 827 2384 ei
848 2322 964 2383 vitulus
980 2325 1044 2402 jam
1062 2326 1099 2385 25
1151 2374 1153 2378 .

142 2405 222 2466 ictus
236 2426 253 2465 e
267 2407 407 2467 manibus
427 2408 665 2478 sacrificantium
678 2427 740 2466 sese
755 2427 822 2466 cum
838 2405 1044 2484 proripuisset,

142 2485 255 2546 multos
281 2487 511 2548 circumstantes
534 2508 641 2548 cruore
666 2487 822 2566 respersit;
845 2485 919 2563 fuga
939 2485 1045 2563 procul

142 2566 235 2624 etiam
257 2567 355 2626 ma‘or
374 2577 450 2645 aput
471 2567 592 2645 ignaros
612 2567 686 2646 quid
704 2567 918 2646 trepidaretur,
933 2573 964 2624 et
978 2584 1046 2624 con·

142 2647 273 2705 cursatio
295 2588 362 2706 linit.
405 2645 442 2705 Id
469 2667 499 2718 a
515 2645 666 2723 plerisque
692 2647 727 2705 in
754 2666 842 2706 omen
863 2647 965 2724 magni
993 2654 1051 2705 ter·

143 2726 218 2784 roris
248 2735 413 2804 acceptum.
455 2725 639 2804 Legionibus
670 2725 740 2784 inde
771 2725 889 2785 duabus
924 2746 942 2784 a
970 2725 1052 2786 Sem·
1062 2728 1100 2789 30

142 2804 252 2883 pronio
280 2805 390 2882 prioris
424 2806 496 2864 anni
533 2805 663 2878 consule,
692 2804 810 2864 duabus
838 2825 857 2864 a
885 2803 918 2864 O.
948 2803 1047 2864 Atilio

142 2891 282 2963 praetore
297 2884 438 2963 acceptis,
452 2885 484 2942 in
500 2884 658 2944 Etruriam
673 2905 726 2966 per
737 2884 896 2963 Apennini
911 2884 1047 2944 tramites

143 2963 295 3024 exercitus
310 2964 380 3024 duci
395 2973 439 3025 est
454 2974 585 3046 coeptus.
