2568 3782
307 257 310 264 ·
386 245 538 306 'ursan
563 259 676 327 xxm,
703 243 831 308 11-12.
1052 251 1115 316 155

162 407 264 479 tontes
278 438 298 478 a
311 417 405 478 classe
421 417 539 478 Punica
554 419 635 478 circa
650 428 770 496 portum
786 419 936 480 Cosanum
959 435 1063 504 captas

163 519 233 558 esse.
277 497 387 576 Itaque
408 498 561 576 extemplo
576 501 681 557 corisul
696 499 815 559 Ostiam
836 502 985 580 proficisci
1001 507 1063 586 jus·

163 589 221 650 sua,
233 585 431 656 navibusque,
442 599 520 659 quae
532 579 572 639 ad
588 579 693 638 urbem
705 580 874 641 Romanam
891 595 945 644 aut
959 586 1064 649 Ostiae

163 670 270 731 essent,
286 663 433 738 conpletis
454 661 551 720 milite
571 681 607 719 ac
628 662 790 724 navalibus
810 665 907 738 sociis,
926 669 1064 747 persequi

163 740 296 799 hostium
318 747 442 800 classem
458 761 494 800 ao
509 742 602 801 litora
617 741 727 802 Italiae
743 746 845 806 tutari.
887 746 1004 827 Magna
1019 751 1064 810 vis
1097 751 1118 813 5

163 822 321 882 hominum
351 823 521 902 conscripta
549 824 666 884 Romae
690 835 771 898 erat;
796 827 932 888 libertini
960 831 1063 904 etiam,

163 903 273 982 quibus
287 903 375 963 liberi
394 916 491 964 essent
511 915 541 966 ct
561 916 643 966 aetas
665 906 815 980 militaris,
831 909 863 968 in
877 910 971 972 verba
980 913 1064 991 jura

162 995 280 1046 verant.
324 985 375 1046 Ex
391 985 447 1046 hoc
463 986 580 1047 urbano
595 990 741 1060 exercitu,
757 990 810 1067 qui
830 989 960 1051 minores
977 993 1063 1072 quin-

162 1088 220 1146 que
235 1077 266 1128 et
279 1068 407 1146 triginta
427 1069 514 1128 annis
529 1078 624 1142 erant,
640 1069 671 1127 in
693 1071 781 1130 navia
802 1070 933 1150 inpositi,
949 1072 1013 1147 alii,
1030 1084 1064 1134 ut

161 1149 230 1209 urbi
245 1150 459 1228 praesiderent,
473 1150 580 1212 relicti.
1078 1155 1117 1218 10

200 1230 281 1291 ΧΠ.
323 1231 473 1304 Dictator,
482 1233 617 1293 exercitu
633 1233 764 1294 consulis
777 1242 903 1313 accepto
917 1253 937 1294 a
950 1232 1063 1297 Fulvio

160 1309 274 1373 Flacco
296 1312 404 1392 legato,
420 1334 475 1392 per
495 1333 602 1393 agrum
624 1314 772 1375 Sabinum
786 1314 893 1389 Tibur,
907 1336 967 1394 quo
981 1315 1062 1376 diem

160 1394 199 1452 ad
230 1394 471 1454 conveniendum
500 1395 638 1455 edixerat
666 1395 752 1456 novis
778 1394 939 1468 militibus,
968 1398 1061 1458 venit.

159 1472 237 1535 Inde
258 1475 419 1536 Praeneste
440 1496 475 1536 ac
497 1477 675 1537 transversis
694 1475 843 1537 limitibus
857 1477 890 1537 in
905 1477 989 1538 viam
1003 1477 1060 1537 La·

159 1555 255 1616 tinam
270 1567 315 1617 est
328 1577 470 1636 egressus,
486 1558 576 1631 unde,
591 1557 750 1617 itineribus
769 1578 971 1618 summanum
986 1578 1060 1618 cura
1075 1559 1113 1620 15

158 1637 334 1716 exploratis
350 1638 389 1698 ad
405 1639 520 1699 hostem
535 1639 628 1710 ducit,
644 1637 731 1698 nullo
746 1638 821 1711 loco,
838 1640 897 1698 nisi
910 1647 1059 1716 quantum

158 1721 318 1780 necessitas
347 1731 474 1800 cogeret,
500 1720 640 1780 fortunae
666 1740 697 1779 se
725 1721 945 1780 commissurus.
988 1718 1058 1796 Quo

157 1799 288 1878 primum
305 1801 354 1862 die
368 1801 443 1861 haut
459 1801 563 1880 procul
579 1801 673 1880 Arpis
694 1801 726 1859 in
748 1809 910 1879 conspectu
926 1800 1056 1860 hostium

156 1881 257 1958 posuit
271 1893 379 1955 castra,
394 1882 482 1942 nulla
495 1901 580 1942 mora
594 1881 684 1952 facta,
695 1881 768 1960 quin
781 1881 899 1941 Poenus
918 1880 1057 1940 educeret

155 1959 187 2019 in
199 1961 295 2022 aciem
307 1964 485 2042 copiamque
495 1963 651 2042 pugnandi
663 1962 783 2023 faceret.
819 1961 877 2022 Sed
889 1960 942 2020 ubi
954 1961 1056 2039 quieta
1072 1961 1110 2023 20

155 2043 257 2102 omnia
272 2054 348 2122 aput
361 2043 461 2104 hostes
472 2064 527 2104 nec
539 2055 638 2103 castra
650 2043 713 2102 ullo
724 2042 859 2103 tumultu
872 2051 954 2101 mota
963 2041 1055 2115 videt,

153 2121 314 2203 increpans
341 2125 473 2206 quidem,
495 2125 608 2186 ‘victos
635 2120 770 2184 tandem’
790 2123 920 2183 Martios
940 2123 1056 2181 animos

154 2202 310 2278 Romanis,
326 2205 572 2288 debellatumque
592 2214 623 2266 et
643 2225 815 2266 concessum
838 2202 996 2282 propalam
1018 2203 1056 2262 da

153 2284 268 2344 virtute
282 2307 318 2346 ac
332 2287 430 2369 gloria
441 2287 521 2360 esse,'
533 2288 564 2346 in
579 2296 678 2347 castra
692 2285 798 2355 rediit;
814 2296 946 2344 aeterum
962 2284 1055 2344 tacita

153 2384 226 2425 cura
247 2367 384 2426 animum
400 2367 529 2440 incessit,
544 2368 626 2447 quod
641 2386 711 2427 cum
725 2367 802 2426 duce
815 2365 1054 2446 haudquaquam
1068 2365 1108 2426 25

152 2444 289 2506 Flamini
311 2448 540 2528 Semproniique
560 2448 653 2508 simili
669 2447 774 2508 futura
787 2445 844 2506 sibi
859 2466 905 2505 ros
920 2454 1003 2517 esset,
1019 2465 1055 2504 ac

152 2535 216 2586 tum
232 2528 364 2602 dentum,
380 2528 479 2591 edocti
493 2527 592 2602 malis,
608 2528 738 2588 Romani
757 2547 860 2606 parem
881 2525 1053 2585 Hannibali

151 2605 259 2668 ducem
289 2609 484 2688 quaesissent.
536 2609 579 2670 Et
607 2609 803 2688 prudentiam
831 2606 953 2686 quidem
982 2607 1054 2665 novi

150 2682 309 2750 dictatoris
337 2690 490 2770 extemplo
517 2691 638 2762 timuit3
673 2687 875 2750 constantiam
902 2687 1052 2747 hautdum

149 2781 303 2849 expertus,
318 2772 434 2850 agitare
449 2792 485 2832 ac
499 2780 649 2851 temptare
670 2771 806 2830 animum
828 2767 977 2828 movendo
992 2786 1052 2827 cre·
1067 2767 1106 2828 30

149 2848 204 2908 bro
216 2862 317 2911 castra
327 2851 561 2934 populandoque
575 2853 607 2911 in
622 2850 716 2911 oculis
728 2851 790 2929 ejus
801 2869 889 2928 agros
902 2848 1051 2908 sociorum

149 2932 265 3009 coepit3
287 2941 317 2992 et
332 2933 421 2992 modo
436 2933 529 2993 citato
551 2933 732 3012 agmineex
754 2939 915 3009 conspectu
937 2927 1051 2999 abibat,

149 3013 239 3072 modo
254 3022 377 3090 repente
392 3013 423 3072 in
438 3013 541 3091 aliquo
555 3012 637 3072 flexu
652 3012 729 3085 viae,
741 3011 765 3071 si
781 3011 922 3089 excipere
935 3009 1051 3087 degres-

147 3097 214 3150 sur'n
230 3093 260 3150 in
277 3113 408 3171 aequum
422 3103 529 3172 posset,
545 3093 682 3152 occultus
702 3090 892 3152 subsistebat.
934 3087 1050 3148 Fabius

147 3179 201 3251 per
215 3171 284 3232 loca
298 3173 362 3234 alta
376 3193 485 3254 agmen
499 3173 639 3246 ducebat,
655 3173 772 3234 modico
794 3170 834 3232 ab
856 3171 939 3230 hoste
960 3170 1049 3228 iuter·
1065 3167 1104 3229 35

147 3251 239 3323 vallo,
255 3259 290 3312 ut
309 3273 406 3332 neque
426 3255 578 3314 omitteret
599 3273 667 3313 eum
690 3273 787 3332 neque
808 3250 1048 3329 congrederetur.

147 3327 271 3405 Castris,
290 3334 347 3392 nisi
369 3344 517 3412 quantum
540 3353 610 3392 usus
633 3332 789 3393 necessarii
805 3339 955 3408 cogerent,
970 3337 1049 3388 tene·

145 3411 363 3484 batur'ruiles;
392 3413 538 3491 pabulum
561 3424 591 3472 ct
612 3412 697 3491 ligna
718 3431 773 3470 nec
796 3410 884 3488 pauci
906 3407 1049 3498 petebat

144 3489 201 3554 n'ao
215 3489 347 3573 paesium
368 3493 655 3573 equitum'levisque
674 3499 848 3550 armaturae
866 3495 966 3556 statio,
980 3507 1057 3546 con·-

1256 3235 1257 3269 l

1254 3305 1256 3356 l
