2562 3788
356 236 490 282 urann
515 175 715 299 xxirvnr,
740 221 791 302 53,
809 221 861 285 56.
1054 221 1118 284 219

157 413 255 472 neque
269 392 367 472 majus
381 413 478 471 neque
492 392 688 472 periculosius
703 392 835 452 Romani
850 413 974 472 gessere,
985 413 1064 454 unus

157 473 353 552 praecipuam
368 472 496 551 gloriam
513 472 591 533 tulit.

199 552 286 612 LVI.
329 551 432 614 Multa
446 553 508 612 alia
523 553 554 612 in
570 553 719 632 Scipionis
734 553 819 612 exitu
835 552 969 613 maxime
980 553 1064 615 vitae

158 632 267 711 dieque
281 632 374 704 dicta,
385 641 490 706 morte,
502 633 616 706 funere,
631 633 778 712 sepulcro,
790 633 821 691 in
836 632 989 694 diversum
1005 644 1064 694 tra·

158 712 245 785 hunt,
272 722 314 787 ut,
336 713 387 773 cui
410 713 519 787 famae,
542 713 652 793 quibus
676 713 795 791 seriptis
819 713 981 787 adsentiar,
1002 735 1063 774 non
1098 714 1118 774 5

158 792 297 852 habeam.
338 792 410 853 Non
430 794 468 854 de
489 802 664 854 accusatore
678 793 821 854 convenit
836 793 904 866 (alii
926 793 969 854 M.
985 792 1063 855 Nae·

158 873 252 946 vium,
273 873 328 932 alii
352 873 490 934 Petillios
515 874 595 934 diem
620 874 733 934 dixisse
756 873 919 949 scribunt),
941 895 1001 934 non
1027 874 1064 934 de

158 962 301 1032 tempore,
313 974 372 1032 quo
387 953 470 1014 dicta
484 954 547 1014 dies
561 955 609 1028 sit,
624 975 683 1014 non
699 954 736 1014 de
750 974 840 1026 ann0,
854 974 913 1032 quo
928 963 1064 1014 mortuus

157 1034 204 1104 sit,
219 1053 281 1093 non
303 1033 356 1093 ubi
377 1045 513 1095 mortuus
533 1044 588 1095 aut
608 1034 705 1094 elatus
725 1035 780 1105 sit;
802 1034 855 1093 alii
871 1035 995 1107 Romae,
1011 1034 1064 1094 alii

158 1113 278 1173 Literni
293 1122 324 1174 et
338 1124 491 1175 mortuum
512 1124 543 1175 et
563 1116 724 1194 sepultum.
767 1114 939 1195 Utrobique
960 1116 1117 1177 monn-10

157 1202 261 1254 menta
281 1195 483 1255 ostenduntur
497 1204 527 1257 et
540 1204 676 1268 statuae;
696 1215 766 1254 nam
782 1203 813 1255 et
826 1194 946 1255 Literni
960 1214 1064 1255 monu-

157 1285 293 1334 mentum
324 1285 579 1355 monumentoque
612 1285 714 1336 statua
746 1275 969 1354 superinposita
996 1275 1063 1348 fuit,

157 1375 249 1433 quam
276 1363 455 1434 tempestate
482 1356 629 1435 dejectam
657 1376 754 1434 nuper
779 1355 910 1415 vidimus
938 1355 1005 1435 ipsi,
1033 1364 1064 1416 et

156 1435 274 1496 Romae
288 1446 378 1496 extra
397 1445 517 1515 portam
533 1436 687 1516 Capenam
708 1437 740 1494 in
762 1433 939 1514 Scipionum
960 1456 1064 1496 monn·

156 1525 258 1576 mento
273 1524 333 1576 tres
354 1526 472 1577 statuae
485 1526 565 1590 sunt,
581 1536 710 1596 quarum
725 1516 804 1577 duae
819 1515 853 1576 P.
868 1524 900 1576 et
913 1516 950 1576 L.
966 1516 1016 1577 Sci
1040 1516 1062 1575 i·
1079 1519 1117 1580 15

156 1617 251 1656 onum
275 1596 421 1656 dicuntur
445 1617 516 1670 esse,
541 1597 632 1657 tertia
656 1605 762 1675 poetae
788 1594 826 1672 Q.
852 1596 956 1656 Ennii.
1031 1616 1064 1657 ec

156 1676 238 1737 inter
250 1677 411 1756 scriptores
425 1697 526 1737 rerum
548 1677 700 1756 discrepat
720 1676 827 1746 solum,
842 1676 894 1736 sed
915 1676 1064 1737 orationes

123 1755 127 1764 '
156 1777 287 1836 quoque,
300 1757 327 1817 si
346 1757 436 1817 modo
455 1758 589 1836 ipsorum
603 1765 683 1829 sunt,
698 1777 776 1835 quae
790 1756 938 1829 feruntur,
953 1756 988 1816 P.
1004 1756 1064 1816 Sci-

155 1838 255 1918 pionis
269 1847 300 1898 et
313 1837 358 1897 Ti.
374 1837 516 1910 Gracchi,
532 1838 695 1898 abhorrent
710 1839 789 1896 inter
803 1857 842 1896 se.
884 1836 984 1897 Index
999 1857 1063 1897 ora

155 1918 249 1980 tionis
273 1917 307 1978 P.
329 1917 479 1997 Scipionis
499 1938 610 1978 nomen
631 1917 674 1978 M.
696 1917 807 1978 Naevii
829 1916 945 1977 tribuni
967 1917 1063 1996 plebis
1079 1920 1117 1981 20

155 1997 259 2072 habet,
274 1999 340 2078 ipsa
353 1999 450 2058 oratio
464 1999 529 2059 sine
547 1999 670 2059 nomine
690 2007 734 2058 est
755 1997 954 2070 accusatoris3
975 1997 1064 2058 modo

155 2078 348 2153 nebulonem,
363 2079 453 2139 modo
473 2089 652 2158 nugatorem
674 2078 819 2156 adpellat.
860 2077 909 2138 Ne
930 2076 1064 2138 Gracchi

155 2159 280 2238 quidem
295 2160 392 2219 oratio
413 2167 467 2220 aut
487 2159 681 2220 Petilliorum
698 2167 907 2224 accusatorum
922 2157 1065 2224 Africani
1113 2211 1115 2216 .

156 2249 212 2300 aut
228 2239 300 2300 ‚diei
328 2240 428 2300 diotae
452 2238 600 2300 Africano
628 2239 723 2299 ullam
752 2239 936 2299 mentionem
963 2237 1063 2299 habet.

156 2319 231 2379 Alia
251 2328 317 2379 tota
337 2319 463 2380 serenda
477 2319 584 2380 fabula
598 2330 641 2380 est
656 2319 790 2380 Gracchi
805 2319 935 2379 orationi
956 2339 1063 2380 conve·
1079 2321 1117 2384 25

156 2400 252 2472 niens,
267 2409 296 2459 et
311 2399 358 2458 illi
374 2410 511 2460 auctores
531 2399 676 2480 sequendi
696 2409 776 2472 sunt,
791 2399 852 2478 qui,
868 2419 937 2460 curn
952 2397 988 2459 L.
1004 2400 1065 2460 Sci·

156 2481 207 2558 pio
223 2488 253 2539 et
274 2490 432 2540 accusatus
445 2489 477 2540 et
490 2480 652 2540 damnatus
673 2480 713 2540 sit
732 2479 877 2559 pecuniae
898 2489 1005 2559 captae
1025 2479 1064 2540 ab

156 2580 236 2638 rege,
251 2559 385 2639 legatum
407 2561 440 2620 in
461 2561 589 2620 Etruria
609 2561 701 2620 fuisse
722 2560 905 2620 Africanum
927 2560 1062 2632 tradunt,

155 2661 215 2719 quo
230 2652 298 2719 post
312 2643 424 2700 lamam
439 2641 477 2700 de
492 2660 562 2701 casu
578 2641 681 2700 fratris
700 2640 847 2711 adlatam,
862 2639 968 2700 relicta
984 2639 1062 2719 lega·

141 2723 247 2792 tione,
263 2722 430 2781 cucurrisse
445 2741 514 2781 eum
533 2720 673 2793 Romam,
687 2731 726 2794 et,
742 2740 811 2780 cum
833 2741 852 2780 a
872 2729 960 2799 porta
981 2731 1063 2780 recta
1078 2723 1117 2783 30

155 2802 194 2861 ad
208 2802 308 2860 forum
323 2821 354 2860 se
368 2802 554 2874 contulisset,
568 2801 649 2881 quod
664 2801 696 2860 in
710 2801 837 2863 vincula
851 2800 922 2861 duci
936 2800 1062 2860 fratrem

155 2882 272 2941 dictum
287 2890 361 2953 crat,
376 2883 542 2960 reppulisse
556 2902 575 2941 a
589 2901 714 2960 corpore
728 2883 792 2960 ejus
805 2882 953 2943 viatorem
968 2890 998 2940 et
1012 2881 1063 2940 tri-

60 3029 70 3040 ·
155 2959 245 3020 bunis
265 2962 466 3023 retinentibus
489 2963 586 3040 magis
609 2963 658 3040 pic
680 2981 772 3041 quam
795 2961 927 3022 civiliter
941 2960 1003 3020 vim
1023 2960 1062 3020 fe·

155 3043 238 3100 cisse.
282 3039 366 3101 Hinc
389 3043 469 3101 enim
492 3043 557 3121 ipse
578 3041 624 3102 Ti.
640 3040 798 3103 Gracchus
812 3042 958 3119 queritur,
972 3041 1062 3102 disso-

154 3120 253 3180 lutam
277 3140 338 3180 esse
360 3143 379 3180 a
401 3123 520 3200 privato
541 3122 739 3181 tribuniciam
763 3131 952 3199 potestatem,
973 3130 1003 3181 et
1023 3122 1062 3180 ad
1077 3124 1115 3184 35

154 3210 350 3280 postremum,
365 3223 434 3261 curn
449 3202 598 3261 auxilinm
615 3202 651 3260 L.
667 3201 800 3279 Scipioni
817 3200 988 3280 pollicetur,
999 3202 1062 3262 adi·

154 3283 205 3356 cit,
219 3281 434 3341 tolerabilioris
449 3281 581 3358 exempli
596 3302 658 3340 esse
672 3302 691 3341 a
706 3281 828 3340 tribuno
843 3281 939 3360 plebis
960 3283 1061 3361 potius

153 3382 247 3441 quam
262 3381 281 3420 a
295 3362 415 3439 privato
430 3362 544 3422 victam
559 3361 655 3421 videri
671 3371 701 3420 et
715 3361 911 3420 tribuniciam
933 3370 1061 3438 potesta·

154 3453 215 3504 tem
230 3451 261 3502 et
276 3462 338 3500 rem
353 3441 508 3522 publicam
532 3460 602 3500 esse.
643 3440 703 3500 Sed
718 3440 855 3498 itahanc
870 3458 963 3498 unam
977 3441 1062 3519 inpo-
