2520 3784
446 229 578 276 masa
604 231 628 294 1,
656 214 741 278 8-9.
1051 213 1094 278 25

177 386 341 448 Crescebat
365 386 487 446 interim
512 386 584 447 urbs
609 385 830 448 munitionibus
857 386 920 447 alia
947 395 1040 467 atque

135 468 199 527 alia
227 467 400 545 adpetendo
429 467 505 538 loca,
531 487 600 526 cum
629 467 660 526 in
689 487 772 546 spem
797 469 894 546 magis
918 467 1040 528 futurae

136 546 345 606 multitudinis
367 567 460 624 qnam
481 547 520 606 ad
542 547 583 619 id,
598 548 680 625 quod
701 558 766 606 turn
789 548 946 608 homiuum
962 557 1037 622 erat,

136 628 301 686 munirent.
345 626 473 698 Deinde,
489 647 527 686 ne
547 647 629 688 vana
649 627 733 688 urbis
755 629 934 707 magnitudo
953 639 1038 704 esset,

136 707 328 767 adliciendas
353 706 560 766 multitudinis
586 727 686 782 causa,
697 717 797 768 vetere
822 709 949 770 consilio
971 731 1039 770 oon·
1072 707 1093 768 ὅ

136 787 275 847 dentium
297 787 396 859 urbes,
411 787 473 865 qni,
486 786 645 846 obscuram
666 797 758 867 atque
778 789 924 850 humilem
941 791 1039 850 couci-

136 867 215 928 endo
236 867 275 926 ad
297 887 328 927 se
350 867 589 944 multitudinem,
602 877 704 928 natam
720 889 736 927 e
750 879 832 929 terra
849 869 906 930 sibi
921 870 1038 948 prolem

136 948 388 1019 ementiebantur,
404 947 515 1020 locum,
531 950 583 1027 qui
599 969 680 1008 nunc
695 961 816 1029 saeptus
833 950 1038 1010 descendenti-

135 1028 193 1088 bus
210 1029 290 1088 inter
308 1028 383 1088 duos
405 1028 487 1088 lucos
508 1037 561 1101 est,
576 1029 696 1107 asylum
711 1032 817 1108 aperit.
860 1030 906 1090 Eo
920 1051 959 1090 ex
973 1031 1038 1092 fini-

135 1108 219 1168 timis
240 1109 361 1187 populis
382 1109 473 1169 turba
494 1110 592 1168 omnis
613 1110 677 1169 sine
699 1111 881 1180 discrimine,
899 1111 977 1172 liber
997 1107 1093 1172 an10

134 1209 241 1249 servus
265 1199 349 1261 esset,
364 1189 458 1250 avida
483 1210 633 1262 novarum
658 1212 758 1250 rerum
802 1192 923 1271 erfugit,
945 1193 1038 1273 idque

134 1269 270 1349 primum
285 1269 325 1328 ad
339 1279 476 1348 coeptam
492 1270 735 1348 magnitudinem
750 1213 865 1332 roboris
881 1273 946 1333 fuit

177 1349 256 1410 Cum
265 1350 332 1428 jam
347 1350 458 1409 virium
472 1350 555 1410 haud
567 1352 743 1429 paeniteret,
755 1353 913 1412 eonsilium
928 1351 1038 1413 deinde

134 1429 253 1492 viribus
274 1435 382 1508 parat:
404 1441 525 1490 centum
548 1442 631 1490 creat
651 1443 811 1505 senatores,
832 1433 895 1493 sive
916 1435 989 1514 quia
1011 1433 1036 1494 is

134 1530 281 1570 numerus
301 1510 375 1571 satis
395 1520 469 1583 erat,
484 1511 548 1571 sive
563 1512 636 1590 quia
655 1512 713 1572 soli
733 1524 855 1573 centum
874 1525 970 1587 erant,
985 1515 1037 1593 qui
1053 1509 1092 1568 15

134 1590 233 1651 creari
247 1600 349 1670 patres
363 1602 642 1672 possent-patres
656 1603 738 1654 certe
755 1594 794 1655 ab
809 1594 931 1668 honore,
944 1595 1038 1675 patri·

134 1672 236 1750 ciique
249 1673 409 1752 progenies
423 1693 525 1733 eorum
540 1674 697 1752 appellati.

178 1751 237 1813 IX.
281 1751 354 1814 Jam
375 1774 421 1813 res
443 1754 584 1814 Romana
604 1756 681 1816 adeo
694 1765 761 1816 erat
774 1755 888 1828 valida,
903 1763 938 1816 ut
952 1755 1038 1816 cuili-

133 1832 187 1892 bet
198 1833 397 1892 finitimarum
409 1834 570 1894 civitatum
581 1834 662 1894 bello
674 1857 730 1916 par
740 1848 831 1910 esset;
846 1837 897 1897 sed
910 1837 1038 1916 penuria

133 1914 300 1973 mulierum
316 1914 447 1974 hominis
462 1924 591 1975 aetatem
607 1916 756 1976 duratura
770 1918 948 1996 magnitudo
962 1928 1036 1992 erat,
1053 1910 1092 1972 20

134 1994 249 2073 quippe
264 1993 374 2072 quibus
388 2014 444 2054 nec
460 1995 541 2054 domi
556 2016 622 2074 spes
636 1996 731 2075 prolis
746 2018 801 2057 nec
816 2018 885 2057 cum
900 1997 1037 2058 finitimis

134 2073 269 2134 conubia
290 2083 395 2134 essent.
437 2074 516 2134 Tum
537 2096 576 2135 ex
598 2076 724 2136 consilio
745 2088 868 2155 patrum
886 2078 1036 2138 Romulus

132 2154 252 2232 legatos
277 2155 393 2214 circum
417 2155 535 2216 vicinas
558 2165 662 2234 gentes
683 2158 775 2230 misit,
790 2159 842 2237 qui
862 2159 1035 2223 societatem

109 2265 113 2274 ·
133 2234 363 2314 conubiumque
383 2255 462 2296 novo
483 2237 596 2314 populo
616 2246 770 2317 peterent:
799 2239 888 2298 urbes
908 2259 1035 2318 quoque,

133 2323 170 2375 ut
191 2325 301 2389 cetera,
323 2336 362 2375 ex
382 2316 487 2375 infimo
508 2317 610 2390 nasci;
631 2318 712 2391 dein,
726 2339 802 2398 quas
815 2340 870 2379 sua
884 2320 982 2380 virtus
1001 2340 1036 2379 ac
1051 2311 1090 2370 25

133 2396 179 2454 dii
207 2396 330 2475 juvent,
359 2417 484 2475 magnas
512 2418 581 2476 opes
608 2397 665 2458 sibi
695 2419 900 2479 magnumque
927 2420 1036 2458 nornen

133 2478 235 2537 facere
245 2498 253 2549 ;
275 2477 349 2536 satis
368 2479 446 2537 sciro
466 2477 577 2556 origini
598 2477 756 2540 Romanae
772 2489 802 2540 et
820 2480 890 2540 deos
905 2480 1036 2540 adfuisse

134 2567 166 2616 et
179 2578 240 2617 non
256 2556 432 2617 defuturam
446 2558 609 2618 virtutem:
631 2559 758 2638 proinde
778 2581 817 2620 ne
836 2570 1037 2639 gravarentur

134 2637 273 2697 homines
285 2657 354 2697 cum
366 2637 540 2697 hominibus
554 2641 733 2716 sanguinem
747 2661 783 2700 ac
797 2661 892 2720 genus
903 2641 1036 2702 miscere.

175 2717 335 2796 Nusquam
360 2717 490 2796 benigne
513 2718 626 2797 legatio
648 2721 755 2780 audita
776 2731 828 2794 est,
850 2721 925 2782 adeo
945 2721 1036 2780 simul
1052 2711 1092 2772 30

134 2798 327 2875 spernebant,
336 2798 427 2857 simul
439 2807 557 2858 tantam
572 2798 603 2858 in
618 2800 718 2860 medio
733 2810 913 2862 crescentem
927 2801 1039 2862 molem
1100 2801 1105 2812 '

134 2877 192 2937 sibi
218 2898 255 2938 ac
279 2879 406 2958 posteris
428 2880 490 2938 suis
514 2879 699 2940 metuebant.
741 2881 772 2940 A
786 2882 937 2960 plerisque
958 2883 1036 2961 rogi·

133 2957 271 3018 tontibus
286 2957 411 3032 dimissi,
425 2959 542 3038 ecquod
556 2961 676 3020 feminis
693 2982 812 3040 quoque
833 2963 951 3041 asylum
967 2984 1035 3041 apo·

133 3039 279 3098 ruissent:
308 3039 340 3097 id
368 3039 450 3099 euim
478 3039 600 3099 demum
629 3061 742 3120 conpar
771 3042 934 3102 conubium
962 3043 1033 3104 fore.

134 3118 237 3198 Aegre
261 3118 294 3178 id
315 3119 456 3180 Romana
484 3120 578 3200 pubes
603 3142 700 3199 passa,
722 3131 752 3182 et
776 3122 859 3182 haud
884 3122 976 3183 dubie
998 3124 1038 3182 ad
1054 3125 1092 3184 35

134 3199 198 3262 vim
212 3208 349 3278 spectare
363 3221 410 3262 res
425 3203 531 3280 coepit.

176 3279 234 3340 Cui
255 3289 377 3359 tempus
400 3281 561 3362 locumque
585 3290 691 3360 aptum
714 3292 749 3341 ut
770 3282 857 3342 daret
878 3283 1038 3356 Romulus,

137 3361 360 3438 aegritudinem
385 3362 480 3420 animi
504 3362 698 3424 dissimulans
719 3361 807 3422 ludos
827 3381 865 3420 ex
887 3361 1039 3421 industria

137 3450 224 3519 parat
239 3440 385 3520 Neptuno
407 3439 549 3520 Equestri
563 3441 734 3513 sollemnis;
756 3439 920 3500 Consualia
940 3449 1038 3500 vocat.
