2568 3782
390 243 522 288 arana
548 241 664 308 xxrr,
691 222 820 289 37-38.
1041 225 1102 292 181

148 399 286 475 coluisse,
311 421 348 461 ac
372 420 436 460 rem
465 399 637 460 Romanam
662 398 743 459 omni
767 408 901 476 tempore
923 419 960 459 ac
983 397 1051 460 loco

147 481 292 542 munifice
317 481 476 559 adjuvisse.
519 479 556 539 Id
579 479 705 558 perinde
725 499 761 540 ac
782 479 905 539 deberet
929 487 1051 558 gratum

169 561 262 640 opulo
285 561 424 622 Romano
445 581 515 621 esse.
558 561 679 619 Aurum
700 568 730 620 et
750 578 769 618 a
790 559 966 619 civitatibus
986 558 1051 639 qui-

147 583 277 702 husdam
299 641 448 713 adlatum,
469 640 570 718 gratia
594 641 638 699 rei
663 649 797 718 accepta,
818 660 879 699 non
901 639 1052 718 accepisse

147 722 296 801 populum
322 721 513 794 Romanum3
535 719 708 781 Victoriam
733 739 880 799 omenque
905 718 1050 798 accipere,
1085 719 1104 779 δ

146 803 308 880 sedemque
330 802 358 861 ei
378 821 409 860 se
430 801 521 860 divae
545 800 618 860 dare
643 800 744 860 dicare
766 799 963 878 Capitolium,
978 809 1051 858 tcm-

146 882 233 962 plum
255 882 343 944 Jovis
358 881 476 960 optimi
501 880 637 940 maximi
680 880 719 940 In
741 899 776 940 ea
797 899 866 940 arce
887 879 970 939 urbis
992 879 1051 940 Ro-

147 983 258 1023 manae
277 972 428 1023 sacratam
446 961 597 1022 volentem
619 960 852 1042 propitiamquc,
874 959 993 1020 firmam
1015 979 1051 1020 ac

146 1043 289 1103 stabilem
303 1043 367 1103 fore
381 1041 494 1122 populo
509 1040 667 1100 Romano!

187 1123 371 1184 Funditores
399 1122 611 1202 sagittariique
634 1130 665 1181 et
688 1120 875 1181 frumentum
902 1120 1050 1181 traditum
1067 1121 1105 1183 10

146 1205 330 1264 consulibus,
374 1203 617 1281 Quinqueremes
636 1201 675 1260 ad
699 1202 836 1276 [centum
850 1201 976 1280 viginti]
999 1221 1050 1261 na·

145 1285 232 1345 vium
254 1284 389 1356 classem,
405 1303 483 1362 quae
505 1303 574 1342 cum
592 1281 626 1342 T.
646 1281 778 1342 Otacilio
800 1291 995 1361 propraetore
1016 1282 1049 1342 in

146 1363 253 1424 Sicilia
273 1373 347 1436 erat,
367 1364 501 1443 quinque
521 1372 551 1424 et
572 1362 684 1442 viginti
705 1361 837 1436 additae,
859 1363 1050 1440 permissum·
1125 1365 1132 1386 ‘

146 1464 204 1522 que
219 1453 272 1516 est,
288 1453 330 1517 ut,
344 1444 371 1504 si
391 1465 407 1504 a
429 1464 461 1503 re
481 1442 607 1523 publica
628 1451 762 1502 censeret
775 1461 846 1516 esse,
862 1445 894 1502 iu
909 1442 1050 1502 Africam

145 1523 296 1584 traiceret.
1066 1523 1104 1584 15

184 1603 384 1666 XXXVIII.
430 1604 554 1666 Dilecta
567 1605 699 1685 perfecto
712 1603 848 1666 consules
862 1625 975 1684 paucos
989 1626 1050 1666 mo·

145 1685 204 1744 rati
216 1685 290 1758 dieo,
299 1685 372 1745 dum
384 1687 456 1746 socii
471 1685 511 1746 ah
522 1687 644 1747 nomine
655 1685 768 1746 Latiae
778 1686 924 1746 venirent.
961 1685 1049 1760 Tum,

145 1765 227 1844 quod
249 1785 415 1844 numquam
437 1776 527 1826 antea
548 1767 664 1826 factum
685 1775 759 1838 erat,
770 1766 839 1844 jure
855 1766 989 1845 jurando
1010 1767 1050 1827 ab

145 1845 276 1905 tribunis
297 1846 431 1906 militum
453 1847 554 1907 adacti
575 1846 703 1919 milites;
727 1867 798 1907 nam
819 1847 858 1906 ad
880 1867 947 1907 eam
968 1848 1048 1908 diem

145 1925 223 1986 nihil
245 1935 366 2005 praeter
386 1937 609 1987 sacramentum
631 1927 740 2001 fuerat,
764 1929 863 2006 ‘jussu
890 1929 1048 1988 consulum
1064 1926 1103 1988 20

145 2016 347 2066 conventuros
368 2027 465 2086 neque
486 2008 601 2087 injussu
623 2008 777 2080 abituros,'
794 2018 824 2068 et
839 2008 891 2069 uhi
906 2009 944 2068 ad
960 2009 1049 2070 decu·

144 2085 287 2146 riandum
309 2096 362 2146 aut
383 2088 615 2147 centuriandum
639 2090 857 2162 convenissent,
873 2111 928 2150 sua
942 2091 1049 2151 volun-

144 2175 208 2226 tate
230 2166 288 2245 ipsi
308 2167 388 2226 inter
407 2187 469 2228 sese
491 2169 640 2228 decuriati
667 2170 791 2249 equites
813 2171 975 2232 centuriati
1000 2191 1048 2250 pe

144 2245 222 2306 dites
237 2247 447 2326 conjurabant,
463 2253 543 2309 ‘sese
563 2250 654 2330 fugae
675 2261 767 2330 atque
789 2252 958 2311 formidinis
977 2272 1048 2331 crgo

143 2346 204 2386 non
231 2327 375 2401 abituros,
397 2348 492 2407 neque
521 2350 560 2390 cx
587 2332 693 2392 ordine
721 2353 887 2394 recessuros
911 2333 969 2392 nisi
994 2332 1048 2393 teli
1064 2330 1102 2391 25

142 2408 284 2466 sumendi
299 2416 352 2466 aut
369 2409 555 2488 [re]petendi
579 2413 638 2488 [et]
662 2422 716 2474 aut
737 2413 831 2473 hostis
851 2413 978 2473 feriendi
993 2424 1048 2475 aut

143 2487 220 2546 civis
241 2488 383 2548 servandi
405 2490 525 2550 causa'-
557 2491 594 2552 Id
616 2513 655 2554 ex
673 2493 847 2555 voluntario
868 2494 948 2554 inter
968 2495 1047 2574 ipsos

142 2566 264 2626 foedere
278 2568 318 2627 ad
333 2569 471 2630 tribunos
485 2591 521 2631 ac
536 2571 704 2652 legitimam
722 2575 801 2654 juris
817 2575 944 2654 jurandi
959 2576 1047 2636 adac-

144 2647 258 2707 tionem
273 2649 464 2710 translatum.

184 2726 357 2802 Contiones,
378 2731 555 2812 priusquam
577 2735 617 2796 ah
636 2736 712 2798 urhe
736 2737 823 2816 signa
843 2746 1046 2810 moverentur,
1062 2736 1101 2798 30
1195 2814 1197 2818 .

143 2808 275 2867 consulis
300 2809 449 2872 Varronis
477 2815 592 2876 multae
617 2838 653 2877 ac
678 2818 790 2879 feroces
815 2818 907 2890 fuere,
933 2819 1047 2878 denun-

142 2888 258 2960 tiantis,
282 2889 413 2950 ‘bellum
435 2897 611 2957 arcessitum
632 2899 665 2958 in
686 2898 811 2959 Italiam
832 2898 872 2958 ab
892 2899 1046 2960 nobilibus

141 2988 380 3060 mansurumque
404 2975 436 3033 in
462 2976 628 3038 visceribus
656 2979 709 3038 rei·
728 2979 876 3058 publicae,
898 2980 923 3040 si
946 2979 1046 3060 plures

141 3047 256 3108 Fabros
271 3050 465 3131 imperatores
482 3056 617 3131 haberet,
631 3079 671 3131 se,
686 3080 745 3138 quo
760 3060 809 3120 die
824 3059 939 3120 hostem
953 3060 1045 3122 vidis·

139 3139 195 3201 set,
217 3130 441 3208 perfecturum!
484 3136 637 3217 Conlegae
660 3140 722 3218 ejus
744 3139 835 3199 Pauli
857 3160 928 3215 una,
945 3140 1044 3219 pridie
1059 3139 1097 3200 35

140 3229 233 3289 quam
263 3211 302 3270 ab
331 3214 405 3274 urbe
433 3217 681 3293 proficisceretur,
710 3221 810 3280 contio
845 3220 914 3293 fuir,
943 3220 1044 3292 verior

139 3308 233 3369 quam
248 3293 364 3371 gratior
380 3296 502 3374 populo,
518 3319 578 3376 qua
600 3299 678 3359 nihil
700 3299 897 3360 inclementer
918 3301 948 3360 in
965 3299 1043 3362 Var-

138 3391 245 3432 ronem
260 3373 376 3434 dictum
391 3374 449 3436 nisi
465 3375 496 3436 id
511 3379 609 3451 modo,
625 3380 747 3438 ‘mirari
762 3399 802 3450 se,
817 3378 897 3456 quod
913 3379 1043 3456 denique

138 3451 214 3526 dux,
235 3454 413 3533 priusquam
439 3466 494 3515 aut
516 3477 606 3517 suum
630 3467 685 3518 aut
707 3458 840 3518 hostium
864 3457 1042 3530 exercitum,
