2568 3782
152 219 216 286 itt
325 235 415 283 nrm
442 235 538 284 nrvr
563 235 618 284 sn
643 235 759 284 vasa
788 233 984 282 eornm

205 403 355 458 nocturno
368 413 474 455 umore
486 392 677 473 palustrique
691 392 774 454 eaelo
788 401 938 471 gravante
958 401 1063 472 caput,
1079 399 1113 454 et

206 476 279 569 quia
293 473 433 536 medendi
447 495 503 535 nec
517 475 602 535 locus
616 493 672 534 nec
686 482 806 552 tempus
819 481 894 546 erat,
909 472 1006 533 altero
1017 473 1114 534 oculo

206 565 336 697 capitur.
730 565 732 572 ’

265 635 308 696 ΙΙ.
350 634 459 696 Multis
474 633 648 695 hominibus
658 633 865 712 jumentisque
884 633 970 693 foede
991 633 1113 693 amissis

162 714 193 774 t
207 735 277 778 cum
296 716 420 777 tandem
433 715 471 776 de
486 714 649 794 paludibus
670 714 846 784 emersisset,
861 713 915 774 ubi
929 713 1064 792 primum
1078 714 1113 772 in

206 797 287 857 sicco
308 796 417 876 potuit,
432 805 532 856 castra
553 795 642 866 locat,
658 803 835 872 certumque
856 813 910 872 per
931 793 1112 872 praemissos

208 876 414 956 exploratores
435 874 553 946 habuit,
569 874 737 935 exereitum
759 874 933 935 Romanum
951 874 1037 934 circa
1051 873 1113 932 Ar-

206 957 264 1018 reti
279 956 399 1017 moenia
413 976 483 1016 esse.
526 953 666 1015 Consulis
676 954 787 1014 deinde
797 953 926 1014 consilia
939 961 1031 1032 atque
1046 953 1112 1013 ani-

208 1058 302 1111 mum,¹
322 1045 354 1098 et
375 1036 468 1098 situm
493 1035 659 1114 regionum,
681 1034 861 1113 itineraque,
884 1043 915 1094 et
943 1034 1045 1113 copias
1070 1032 1111 1093 ed

154 1117 194 1178 10
208 1127 392 1178 commeatus
413 1115 625 1195 expediendos,
646 1124 677 1176 et
697 1125 797 1174 cetera
817 1135 896 1193 quae
917 1134 1059 1193 cognosse
1078 1113 1112 1173 in

207 1217 271 1260 rem
286 1207 360 1270 erat,
368 1217 487 1257 summa
501 1195 604 1256 omnia
618 1215 688 1256 cum
702 1215 776 1256 cura
790 1194 1113 1274 inquirendoexeque·

207 1278 307 1338 batur.
349 1277 447 1356 Regio
464 1285 529 1337 erat
543 1277 575 1336 in
590 1276 697 1355 primis
719 1274 831 1335 Italiae
851 1275 970 1348 fertilis,
985 1275 1111 1335 Etrusci

208 1359 318 1440 campi,
336 1359 388 1438 qui
410 1357 556 1418 Faesulas
576 1356 657 1416 inter
676 1355 897 1435 Arretiumque
913 1356 1028 1436 jacent,
1049 1355 1112 1414 fru-

208 1439 303 1499 menti
324 1459 360 1499 ac
381 1438 497 1518 pecoris
518 1446 548 1498 et
568 1435 704 1498 omnium
726 1437 815 1515 copia
835 1456 937 1496 rerum
953 1435 1112 1516 opulenti;

154 1517 195 1578 15
209 1518 313 1580 consul
328 1518 415 1579 ferox
429 1517 469 1578 ab
483 1517 643 1578 consulatu
659 1517 766 1593 priore,
781 1525 812 1577 et
826 1537 888 1577 non
903 1516 992 1577 modo
1006 1516 1112 1596 legum

208 1608 263 1660 aut
283 1608 405 1679 patrum
425 1599 600 1678 majestatis,
614 1598 666 1658 sed
688 1617 727 1658 ne
746 1598 872 1658 deorum
894 1597 1017 1676 quidem
1038 1596 1114 1658 satie

208 1688 361 1751 metuens3
383 1679 463 1742 hane
477 1679 599 1738 insitam
613 1678 737 1758 ingenio
751 1679 814 1757 ejus
834 1678 1036 1738 temeritatem
1052 1677 1113 1737 for·

208 1769 284 1820 tuna
308 1779 377 1839 pros
400 1779 451 1819 ero
479 1758 621 1819 civilibus
649 1758 827 1837 bellicisque
854 1758 945 1818 rebus
972 1777 1112 1818 successu

207 1839 335 1901 aluerat.
378 1780 486 1918 ltaque
510 1839 583 1900 satis
607 1838 776 1918 apparebat
803 1859 859 1900 nec
883 1839 954 1899 deos
977 1858 1034 1899 nec
1059 1839 1112 1900 ho·

155 1920 195 1982 20
209 1920 304 1980 mines
328 1919 534 1980 consulentem
558 1919 700 1980 ferociter
724 1920 828 1979 omnia
852 1939 888 1980 ac
909 1938 1113 1999 praepropere

208 2009 367 2073 acturum;
388 2020 508 2079 quoque
528 2000 652 2079 pronior
672 2009 749 2060 esset
770 2000 801 2060 in
816 2000 893 2063 vitia
911 2019 977 2071 sua,
991 2000 1112 2078 agitare

208 2099 277 2139 eum
300 2089 392 2158 atque
415 2080 542 2140 inritare
568 2079 690 2140 Poenus
717 2089 814 2159 paret,
837 2090 869 2141 et
890 2080 980 2141 laeva
1002 2079 1112 2140 relicto

207 2160 294 2221 hoste
307 2159 454 2220 Faesulas
474 2170 587 2240 petens,
602 2160 702 2220 medio
723 2161 869 2221 Etruriae
889 2181 962 2240 agro
984 2159 1112 2239 praeda·

206 2249 274 2301 tum
288 2240 450 2320 profectus,
465 2252 611 2320 quantam
632 2241 801 2302 maximam
815 2242 990 2303 vastitatem
1011 2249 1112 2320 potest

154 2322 195 2386 25
208 2320 352 2381 caedibus
366 2321 572 2401 incendiisque
586 2322 705 2382 consuli
719 2322 825 2401 procul
840 2321 980 2384 ostendit.

249 2401 429 2475 Flaminius,
444 2403 496 2482 qui
517 2423 555 2463 ne
575 2403 678 2482 quieto
698 2403 822 2482 quidem
842 2403 927 2462 hoste
945 2402 1010 2480 ipse
1029 2402 1113 2480 qnie-

208 2491 293 2543 turua
318 2491 392 2557 erat,
417 2492 482 2543 tum
508 2504 588 2556 vero,
606 2494 766 2565 postquam
791 2504 838 2543 res
861 2483 1023 2543 sociorum-
1037 2491 1112 2542 ante

207 2563 311 2624 oeulos
325 2583 418 2642 prope
430 2584 499 2624 suos
514 2564 586 2623 ferri
601 2565 712 2644 agique
726 2563 814 2635 vidit,
827 2584 916 2624 suum
933 2563 964 2622 id
978 2562 1111 2622 dedecus

208 2652 301 2717 ratus,
312 2664 366 2724 per
380 2645 511 2704 mediam
521 2645 587 2724 jam
597 2644 837 2724 Italiamvagari
850 2644 996 2716 Poenum,
1007 2653 1110 2722 atque,

154 2724 195 2786 30
208 2724 370 2785 obsistente
384 2725 478 2797 nullo,
493 2725 533 2785 ad
549 2727 615 2804 ipsa
629 2725 770 2786 Romana
790 2726 910 2784 moenia
930 2725 974 2785 ire
995 2744 1111 2802 oppug-

208 2805 320 2877 nanda,
345 2806 451 2866 ceteris
475 2805 615 2866 omnibus
639 2807 671 2865 in
697 2805 822 2866 oonsilio
842 2805 992 2864 salutaria
1008 2805 1111 2882 -rnagis

208 2905 300 2964 quam
314 2887 448 2964 speciosa
462 2886 677 2946 suadentibus:
693 2886 858 2963 ‘collegam
874 2885 1130 2963 expectandum„

208 2976 251 3038 ut,
273 2967 442 3045 conjunctis
463 2966 656 3038 exercitibus,
671 2965 824 3026 communi
846 2967 949 3024 animo
971 2964 1110 3025 consilio·

208 3067 265 3125 que
276 3067 340 3106 rem
351 3057 489 3124 gererent
499 3069 505 3118 ;
521 3047 641 3106 interim
652 3047 788 3125 equitatu
798 3045 983 3123 auxiliisque
994 3045 1111 3105 levium
1158 3111 1161 3116 ¹

154 3127 193 3188 35
208 3146 362 3185 armorum
373 3125 413 3184 ab
424 3127 516 3185 effusa
527 3127 695 3204 praedandi
707 3125 832 3186 licentia
842 3125 958 3184 hostem
969 3125 1112 3184 cobiben-

207 3204 316 3265 dum:'
339 3206 434 3263 iratus
461 3225 492 3264 se
521 3225 559 3264 ex
587 3206 714 3265 consilio
741 3205 903 3283 proripuit,
928 3204 1114 3284 signumque

203 3283 294 3342 simul
322 3282 437 3341 itineris
465 3303 644 3360 pugnaeque
679 3303 747 3341 cum
770 3284 965 3360 propomtieaet
992 3283 1115 3346 “immo

204 3361 309 3420 Arrcti
343 3370 412 3420 ante
436 3363 555 3420 moenia
582 3361 765 3433 sedeamuS,''
794 3362 902 3439 inquit,
924 3368 940 3392 “
953 3362 1003 3423 hic
1032 3367 1114 3425 enim

203 3441 304 3519 patria
317 3448 347 3497 et
361 3450 482 3516 penates
496 3451 575 3499 sunt.
617 3440 778 3500 Hannibal
792 3443 917 3502 emissus
938 3463 955 3502 e
969 3445 1114 3508 manibus
