2568 3782
155 226 217 290 168
329 243 419 289 rrrr
446 242 541 291 nrvr
569 243 623 288 nn
647 242 761 290 vane
787 210 1007 291 oonorrn'

204 398 337 479 liquerat
358 409 447 473 teuta,
469 400 501 458 in
525 399 645 460 stativis
665 409 738 460 erat.
782 398 860 460 Inde
886 401 1113 463 frumentatum

205 480 280 540 duas
302 481 453 541 exercitus
473 489 574 560 partes
595 479 753 550 mittebat;
776 501 845 539 eum
866 482 956 542 tertia
976 483 1042 575 ipse
1062 503 1113 544 ex·

204 559 308 642 pedita
336 561 368 620 in
396 562 527 621 statione
554 569 628 632 erat,
654 561 744 620 simul
769 561 876 621 castris
898 563 1062 640 praesidio,
1084 572 1114 624 et

203 641 459 720 circumspectans
489 641 628 700 necunde
655 640 786 720 impetus
813 642 846 700 in
875 641 1113 704 frumentatores

169 721 295 782 bfieret.

243 801 372 863 XXIV.
414 802 572 862 Romanus
596 810 671 862 tunc
695 801 847 862 exereitus
868 801 899 860 in
924 822 998 881 agro
1025 803 1113 863 Lari·

203 881 269 941 nati
283 892 365 954 erat;
387 891 527 961 praeerat
540 881 697 942 Minucius
718 883 862 960 magister
882 883 1030 960 equiturn,
1045 904 1113 962 pro·

202 961 291 1036 fecte,
314 962 394 1022 sicut
422 971 494 1022 ante
522 962 639 1022 dictum
668 970 721 1034 est,
747 962 786 1022 ad
815 960 923 1022 urbem
952 963 1113 1024 dictatore.

202 1039 343 1104 Ceterum
370 1052 479 1115 castra,
505 1063 583 1120 qnae
607 1043 640 1102 in
665 1051 768 1102 monte
796 1043 860 1102 alto
888 1063 925 1102 ac
952 1053 1020 1103 tuto
1044 1044 1115 1104 loco

150 1120 189 1181 10
224 1123 301 1182 osita
328 1122 461 1194 fuerant,
485 1124 550 1201 jam
579 1123 611 1181 in
640 1122 768 1202 planum
797 1122 997 1194 deferuntur;
1018 1125 1114 1203 agita·

202 1143 374 1281 banturque
396 1223 452 1281 pro
477 1203 599 1281 ingenio
626 1203 713 1262 ducis
742 1203 869 1263 consilia
899 1203 1058 1277 calidiora,
1079 1213 1116 1264 ut

202 1283 332 1362 impetus
354 1291 408 1343 aut
428 1283 462 1342 in
482 1282 718 1344 frumentatores
739 1283 859 1362 palatos
883 1284 989 1343 autin
1013 1294 1115 1344 castra

203 1363 310 1423 relicta
331 1383 401 1424 cum
422 1363 484 1422 levi
505 1364 657 1442 praesidio
677 1363 772 1424 fieret.
814 1363 880 1424 Nec
901 1363 1114 1424 Hannibalem

202 1443 314 1503 fefellit
341 1464 409 1503 cum
438 1444 515 1504 duce
543 1453 694 1505 mutatam
719 1464 781 1504 esse
805 1443 880 1504 belli
905 1445 1063 1514 rationem,
1084 1453 1116 1506 et

150 1521 189 1581 15
203 1523 332 1584 ferocius
353 1545 445 1602 quam
459 1524 627 1584 consultius
647 1545 711 1584 rem
733 1525 833 1585 hostes
854 1533 999 1602 gesturos.
1043 1524 1115 1604 Ipse

203 1613 314 1677 autern,
326 1604 406 1682 quod
421 1605 547 1664 minime
561 1605 630 1683 quis
643 1605 787 1676 erederet,
800 1625 869 1664 cum
882 1605 976 1664 hostis
987 1605 1115 1684 propius

202 1693 287 1756 esset,
301 1684 424 1744 tertiam
446 1695 562 1760 partem
585 1684 718 1744 militum
740 1684 973 1757 frumentatum,
992 1685 1114 1746 duabus

202 1763 358 1825 incastris
378 1765 511 1837 retentis,
526 1765 662 1837 dimisit;
683 1765 755 1824 dein
777 1773 877 1824 castra
899 1765 965 1842 ipsa
987 1767 1114 1844 propius

202 1844 320 1905 hostem
334 1845 440 1916 movit,
456 1845 517 1904 duo
531 1845 628 1904 ferme
639 1865 658 1904 a
673 1843 824 1904 Gereonio
843 1843 941 1916 milia,
957 1844 989 1902 in
1011 1856 1114 1906 tumu-

150 1923 190 1984 20
203 1924 267 1984 lum
283 1924 362 1984 hosti
377 1936 581 2000 conspectum,
595 1934 630 1984 ut
644 1925 802 1990 intentum
811 1924 903 1984 sciret
918 1944 981 1984 esse
995 1924 1037 1983 ad
1051 1925 1114 1986 fru-

203 2013 394 2076 mentatores,
409 2005 434 2064 si
449 2005 570 2083 quavis
584 2005 678 2076 fieret,
693 2004 846 2064 tutandos.
889 2003 1021 2084 Propior
1041 2006 1114 2066 inde

204 2085 231 2143 ei
252 2095 345 2162 atque
364 2084 436 2162 ipsis
458 2085 608 2145 inminens
627 2085 959 2145 Romanorumcastris
974 2086 1115 2146 tumulus

204 2165 365 2243 apparuit;
387 2163 428 2224 ad
448 2185 538 2242 quem
560 2165 742 2244 capiendum
757 2166 783 2224 si
798 2165 866 2224 luce
882 2165 986 2243 palam
1005 2167 1113 2240 iretur,

204 2245 275 2324 quia
298 2245 386 2304 'haud
414 2245 506 2304 dubie
534 2245 628 2305 hostis
655 2244 795 2306 breviore
815 2246 867 2304 via
888 2255 1114 2324 praeventurus

151 2326 189 2385 25
204 2334 278 2398 erat,
306 2334 396 2384 nocte
424 2325 503 2384 clam
531 2325 615 2384 missi
644 2325 798 2385 Numidae
827 2334 982 2404 oeperunt.
1026 2325 1114 2402 Quos

203 2403 334 2466 tenentis
347 2404 448 2464 locum
464 2415 638 2484 contempta
659 2406 814 2485 paucitate
836 2405 968 2466 Romani
991 2419 1114 2485 postero

203 2487 252 2546 die
267 2507 336 2546 cum
351 2485 535 2564 dejecissent,
548 2486 606 2564 ipsi
617 2506 652 2546 eo
664 2485 853 2546 transferunt
863 2497 972 2546 castra.
1016 2485 1114 2562 [Tum

204 2569 253 2644 ut]
275 2567 379 2646 itaque
400 2566 546 2645 exiguum
568 2567 660 2645 spatii
675 2565 794 2625 vallum
808 2586 828 2624 a
841 2566 926 2626 vallo
947 2565 1064 2639 aberat,
1080 2577 1113 2628 et

203 2646 235 2706 id
260 2647 359 2726 ipsum
388 2655 485 2708 totum
514 2667 608 2726 prope
635 2646 831 2724 conpleverat
855 2645 996 2706 Romana
1021 2648 1111 2708 acies.

151 2726 190 2786 30
204 2726 301 2787 Simul
323 2737 353 2786 et
373 2747 428 2805 per
448 2747 555 2788 aversa
576 2747 594 2786 a
615 2728 720 2786 castris
741 2725 931 2785 Hannibalis
956 2727 1113 2804 equitatus
1180 2779 1185 2786 .

204 2827 273 2866 cum
302 2806 363 2868 levi
392 2817 549 2868 armatura
576 2807 700 2868 emissus
728 2806 760 2865 in
789 2805 1024 2866 frumentatores
1049 2807 1113 2868 late

205 2886 328 2946 caedem
355 2887 521 2966 fugamque
548 2888 681 2948 hostium
709 2886 883 2966 palatorum
912 2886 993 2947 feeit.
1044 2887 1113 2950 Nec

204 2967 270 3027 acie
294 2978 411 3028 certare
435 2967 596 3029 Hannibal
621 2988 722 3039 ausus,
744 2967 816 3045 quia
840 2975 928 3026 tanta
952 2968 1112 3046 paucitate

203 3049 259 3109 vix
274 3055 382 3121 castra,
397 3047 422 3107 si
437 3057 696 3126 oppugnarentur,
711 3047 806 3107 tutari
828 3055 966 3125 poterat3
983 3047 1112 3127 jamque

151 3128 190 3186 35
204 3127 321 3187 artibus
349 3127 440 3186 Fabii
470 3127 554 3204 [pars
589 3129 740 3186 exercitus
774 3125 881 3186 aberat
911 3127 976 3205 jam
1012 3128 1110 3206 fame]

203 3206 335 3265 sedendo
356 3215 387 3266 et
408 3205 580 3266 cunctando
601 3205 717 3265 bellum
738 3205 871 3284 gerebat,
890 3217 1112 3288 receperatque

204 3304 272 3343 suos
299 3284 331 3343 in
361 3285 463 3363 priora
491 3294 599 3364 castra,
621 3305 699 3363 quae
720 3305 775 3364 pro
797 3284 929 3346 Gereoni
951 3289 1111 3349 moenibus

204 3370 299 3422 erant.

245 3441 336 3501 Justa
360 3462 477 3520 quoque
505 3443 569 3502 acie
594 3452 624 3503 et
649 3445 778 3506 conlatis
805 3445 900 3525 siguis
921 3447 1109 3509 dimicatum
