2520 3784
144 233 187 296 22
315 249 404 294 r1r1
432 248 529 295 nrvr
556 248 611 293 Aa
637 247 753 295 vana
778 235 969 294 counias

197 425 265 467 cum
287 403 378 484 globo
395 404 544 484 juvenum
561 409 631 481 (nec
650 405 732 464 enim
747 411 812 464 erat
826 404 864 464 ad
880 412 1016 482 apertam
1026 405 1098 466 'vim

197 487 267 567 par)
283 485 333 545 sed
349 484 419 545 aliis
433 485 494 544 alio
509 485 616 544 itinere
633 485 723 562 jussis
745 493 826 544 certo
845 495 979 563 tempore
999 486 1038 545 ad
1054 507 1099 546 re-

195 566 277 646 giam
293 566 396 626 venire
411 565 591 643 pastoribus,
605 566 644 625 ad
660 585 759 644 regern
776 566 921 643 impetum
937 567 1020 638 facit,
1035 576 1065 626 et
1079 587 1099 626 a

196 647 285 706 domo
296 645 467 706 Numitoris
478 646 540 704 ulia
551 656 726 724 comparata
735 666 827 706 manu
837 645 964 724 adjuvat
974 646 1097 706 Remus.

164 727 182 786 5
197 727 247 787 lta
262 747 361 806 regem
376 725 568 786 obtruncant.

236 807 294 869 VI.
337 806 481 866 Numitor
496 806 718 884 interprimunt
731 805 897 866 tumultum
909 806 1002 867 hostis
1014 808 1098 868 inva-

196 887 267 948 sisse
281 886 386 946 urbem
408 895 499 964 atquc
520 884 641 946 adortos
661 887 774 966 regiam
790 887 944 959 dictitans,
960 908 1029 947 curn
1043 909 1098 967 pu·

197 967 264 1028 bem
279 967 434 1026 Albanam
450 968 480 1026 in
497 987 598 1026 arcem
617 967 768 1046 praesidio
789 967 941 1046 armisque
962 967 1098 1028 obtinen-

197 1047 268 1108 dam
289 1057 451 1120 avocasset,
471 1057 631 1127 postquam
652 1047 779 1125 juvenes
807 1047 981 1126 perpetrata
1005 1049 1098 1109 caede

144 1125 183 1186 10
197 1147 321 1208 pergere
343 1127 382 1186 ad
405 1149 436 1187 se
458 1127 647 1206 gratulantes
668 1127 756 1199 vidit,
772 1128 926 1207 extemplo
947 1128 1097 1189 advocato

196 1207 325 1268 concilio
349 1207 447 1268 scelus
471 1209 503 1266 in
528 1229 559 1268 se
585 1208 697 1280 fratris,
719 1209 866 1286 originem
889 1220 1042 1287 nepotum,
1063 1218 1099 1268 ut

196 1289 300 1368 geniti,
316 1297 351 1348 ut
365 1289 495 1360 educati,
512 1300 545 1348 ut
560 1289 674 1367 cogniti
690 1301 796 1360 essent,
812 1290 933 1349 caedem
956 1289 1098 1368 deinceps

197 1369 322 1448 tyranni
341 1388 431 1447 seque
452 1369 514 1448 ejus
536 1379 690 1429 auctorem
711 1369 851 1430 ostendit.
894 1369 1029 1431 Juvenes
1044 1390 1098 1448 per

197 1448 328 1508 mediam
343 1448 513 1508 contionem
528 1450 649 1528 agmine
664 1450 787 1528 ingressi
804 1470 871 1510 cum
888 1471 980 1509 avum
997 1470 1098 1528 regem

145 1526 183 1587 15
197 1529 387 1601 salutassent,
402 1538 505 1589 secuta
526 1549 564 1588 ex
586 1531 669 1589 omni
691 1530 887 1590 multitudine
909 1531 1098 1590 consentiens

196 1629 259 1672 vox
274 1620 374 1668 ratum
389 1629 496 1668 nornen
513 1609 734 1688 imperiumque
748 1611 811 1690 regi
827 1611 926 1672 efficit.

238 1689 288 1751 Ita
309 1688 463 1749 Numitori
483 1689 608 1749 Albana
629 1711 662 1750 re
682 1691 836 1770 permissa,
852 1692 1019 1752 Romulum
1041 1693 1099 1753 Re·

197 1788 340 1848 mumque
355 1767 465 1848 cupido
481 1771 561 1848 cepit
576 1771 608 1829 in
623 1771 659 1830 iis
675 1771 757 1844 locis,
773 1771 824 1830 ubi
840 1774 969 1851 expositi
984 1773 1099 1851 ubique

196 1850 318 1910 educati
334 1859 429 1922 erant,
445 1849 529 1910 urbis
543 1851 727 1912 condendae.
769 1852 812 1912 Et
826 1862 982 1932 supererat
997 1854 1098 1913 multi·

144 1927 186 1990 20
198 1930 272 1991 tudo
288 1929 481 1990 Albanorum
496 1930 755 2010 Latinorumqne;
777 1932 816 1992 ad
832 1933 863 1992 id
879 1943 1011 2012 pastores
1026 1955 1099 2012 quo·

197 2031 255 2089 que
283 2019 478 2082 accesserant,
507 2012 559 2089 qui
588 2032 690 2072 omnes
718 2013 809 2074 facile
841 2035 923 2092 spem
953 2015 1097 2086 facerent,

197 2111 324 2170 parvam
350 2090 474 2164 Albam,
499 2111 628 2170 parvum
655 2092 820 2153 Lavinium
850 2115 922 2173 prae
950 2115 985 2155 ea
1012 2095 1097 2167 urbe,

197 2191 275 2250 quae
290 2171 478 2244 conderetur,
494 2175 566 2232 fore.
608 2171 780 2234 Intervenit
796 2175 904 2234 deinde
919 2175 966 2236 his
984 2177 1097 2254 cogita-

161 2323 162 2326 ,
198 2250 331 2312 tionibus
359 2252 477 2311 avitum
505 2252 631 2327 malum,
656 2255 742 2333 regni
771 2255 891 2334 cupido,
914 2265 1005 2334 atque
1027 2256 1099 2316 inde

144 2329 183 2390 25
198 2332 320 2392 foedum
348 2341 499 2392 certarnen
532 2345 667 2393 coortum
696 2355 715 2394 a
742 2337 814 2395 satis
842 2337 909 2395 miti
937 2337 1097 2415 principio

198 2412 353 2489 Quoniam
377 2413 490 2490 gemini
512 2423 609 2474 essent
630 2435 685 2475 nec
705 2417 813 2476 aetatis
833 2417 1017 2477 verecundia
1040 2416 1098 2477 dis-

198 2495 311 2553 crimen
330 2493 429 2552 facere
444 2505 549 2571 posset,
566 2504 600 2553 ut
621 2495 673 2568 dii,
689 2516 818 2574 quorum
839 2497 953 2556 tutelae
974 2518 1010 2557 ea
1031 2497 1099 2556 loca

197 2583 303 2646 essent,
312 2573 448 2650 auguriis
462 2573 605 2652 legerent,
616 2576 669 2653 qui
684 2597 792 2636 nornen
808 2597 904 2637 novae
919 2577 987 2636 urbi
1002 2578 1098 2648 daret,

198 2653 250 2732 qui
262 2652 416 2713 conditam
428 2653 553 2732 imperio
565 2665 690 2734 regeret,
703 2655 859 2716 Palatium
871 2657 1029 2729 Romulus,
1041 2658 1099 2718 Re·

145 2729 263 2792 301nus
278 2733 466 2793 Aventinum
482 2734 521 2793 ad
536 2735 781 2811 inaugurandum
798 2739 912 2816 templa
927 2739 1060 2816 capiunt.

237 2813 313 2874 VII.
356 2813 453 2872 Priori
484 2813 580 2874 Remo
608 2817 770 2895 augurium
793 2820 908 2878 venisse
930 2819 1025 2878 fertur
1045 2839 1099 2878 sex

196 2893 351 2965 vultures;
369 2894 494 2972 jamque
508 2895 648 2955 nuntiato
670 2899 799 2974 augurio
818 2919 888 2957 curn
908 2899 1023 2978 duplex
1046 2920 1099 2958 nu-

101 3025 102 3028 ,
196 2994 296 3034 merus
315 2973 447 3034 Romulo
468 2995 530 3034 sese
551 2976 736 3049 ostendisset,
752 2988 915 3056 utrumque
929 2999 1029 3057 regem
1044 2996 1099 3039 sna

196 3054 362 3114 multitudo
384 3054 645 3116 consalutaverat:
669 3068 802 3135 tempore
818 3058 863 3116 illi
880 3069 1051 3137 praecepto,
1066 3069 1099 3119 at

144 3133 182 3195 35
197 3137 229 3194 hi
257 3155 382 3194 nurnero
410 3135 514 3194 avium
543 3155 670 3213 regnum
699 3137 869 3198 trahebant.
923 3138 1001 3198 Inde
1029 3159 1099 3198 cum

196 3215 392 3276 altercatione
416 3215 565 3292 congressi
590 3219 755 3276 certamine
779 3219 891 3277 irarum
914 3218 953 3277 ad
975 3219 1098 3278 caedem

198 3303 375 3364 vertuntur;
390 3293 433 3352 ibi
448 3295 479 3352 in
494 3294 585 3354 turba
599 3296 677 3354 ictus
693 3297 806 3356 Remus
821 3299 939 3358 cecidit.
982 3299 1100 3377 Vulga-

196 3375 256 3433 tior
275 3374 358 3432 fama
376 3371 429 3445 est,
445 3373 578 3432 ludibrio
600 3377 703 3434 fratris
725 3377 855 3436 Remum
877 3398 971 3438 novos
992 3380 1099 3439 transi·

196 3453 287 3514 luisse
301 3472 411 3525 muros,
426 3452 497 3512 inde
515 3451 555 3512 ab
570 3453 648 3514 irato
663 3455 804 3528 Romulo,
820 3477 890 3516 oum
904 3457 1006 3520 verbis
1024 3479 1098 3538 quo·
